3175 5092
274 376 384 422 mm
772 355 917 412 Praelatio.

274 534 490 614 rectionem,
517 555 600 603 cum
626 532 805 604 similibus
823 534 863 605 in
880 535 1044 606 ordinem
1061 543 1296 628 congregata,
1321 531 1411 605 faci-

273 661 344 734 lius
362 662 540 756 impetum
559 661 763 734 sustineant
783 667 850 733 τών
870 661 1145 757 ἐξομαλιζόντιον,
1173 662 1409 736 sentientium

274 791 412 864 scilicet
429 789 624 886 aliquando
643 801 734 885 quot
750 789 861 862 simul
878 791 950 863 loci
967 789 1211 885 attemptandi
1228 791 1315 879 sint,
1338 789 1410 862 alia

274 920 412 993 auxilio
430 920 591 992 carentia
610 916 754 991 facilius
779 919 958 1014 recipiant
980 917 1179 1006 medelam,
1204 945 1280 992 non
1303 919 1411 992 nulla

274 1049 431 1145 denique
449 1057 492 1120 ut
508 1049 646 1122 incerta
664 1058 774 1144 atque
789 1048 961 1142 ambigua
973 1048 1105 1121 rectius
1121 1049 1266 1122 interim
1280 1058 1411 1144 pacata

273 1179 449 1250 sinantur.

377 1307 517 1387 Quodsi
534 1305 606 1378 iam
625 1306 665 1377 in
682 1307 753 1378 hac
767 1331 878 1401 quam
895 1305 1048 1379 instituo
1061 1306 1308 1400 disputatione
1321 1332 1410 1379 ano-

273 1434 402 1508 maliae
435 1435 550 1529 magis
583 1459 694 1529 quam
732 1434 920 1530 analogiae
953 1436 1104 1508 videbor
1134 1459 1281 1508 causam
1313 1437 1410 1508 tueri

273 1565 453 1659 pluraque
471 1563 628 1636 retinere
646 1589 756 1659 quarn
775 1566 983 1650 emendare,
1007 1587 1064 1635 res
1081 1563 1163 1657 ipsa
1177 1564 1231 1636 ita
1248 1563 1345 1651 tulit,
1365 1575 1408 1636 ut

273 1719 340 1766 nec
365 1693 487 1764 omnia
511 1691 571 1763 hic
597 1691 773 1787 explicari
791 1695 985 1773 deberent,
1014 1693 1060 1764 de
1085 1692 1218 1787 quibus
1240 1692 1335 1765 nihil
1361 1697 1407 1764 ab

272 1821 427 1894 aliorum
444 1820 578 1893 iudicio
596 1847 643 1893 ne
661 1847 760 1894 nunc
778 1822 928 1917 quidem
940 1845 1064 1893 meum
1077 1822 1254 1916 separavi,
1273 1833 1311 1894 et
1322 1847 1408 1894 vero

273 1951 436 2046 partibus
468 1947 687 2024 defensionis
718 1949 778 2024 vel
814 1949 963 2022 desertis
1000 1951 1121 2021 adhuc
1159 1950 1218 2023 vel
1255 1950 1408 2024 inertius

273 2081 449 2173 susceptis
474 2103 548 2150 non
573 2087 695 2172 posset
717 2080 820 2150 brevi
845 2078 1070 2172 strictimque
1095 2079 1296 2150 satisfieri.
1341 2104 1409 2152 ex-

273 2209 390 2280 ordiar
421 2217 544 2279 autem
575 2231 598 2278 a
627 2231 759 2303 genere
797 2207 919 2279 minus
948 2207 1071 2278 dubio.
1130 2207 1293 2279 eminent
1323 2207 1408 2278 soli-

273 2337 365 2410 taria
383 2338 561 2431 quaedam
579 2361 644 2428 per
661 2337 727 2406 has
745 2335 918 2408 historias
944 2336 1077 2428 passim
1100 2336 1263 2429 dispersa
1285 2336 1409 2429 epici

272 2463 383 2538 fontis
403 2490 445 2536 ac
462 2463 604 2536 coloris.
644 2457 697 2534 ‘ci
718 2489 783 2558 pro
802 2466 832 2535 εἰ
856 2463 1016 2558 optantis
1041 2463 1153 2538 semel
1177 2464 1272 2536 dixit
1288 2465 1409 2536 Hero-

273 2597 380 2665 dotus
413 2595 454 2679 1,
490 2595 556 2664 27:
601 2590 636 2662 al
668 2590 731 2689 γὰρ
770 2597 870 2663 τοῦτο
911 2590 986 2662 θεοὶ
1020 2595 1196 2690 ποιήσειαν
1237 2591 1292 2664 ἐπὶ
1309 2595 1405 2664 ’νόον

272 2724 477 2820 νησιώτῃσι,
514 2719 611 2790 locos
642 2719 805 2792 imitatus
836 2720 1069 2805 Homericos,
1101 2719 1218 2814 qualis
1248 2729 1305 2792 cst
1335 2723 1405 2792 0d.

273 2847 312 2930 Υ,
330 2849 423 2920 236:
444 2847 479 2940 nl
496 2847 559 2944 γὰρ
576 2851 685 2930 τοῦτο,
702 2848 794 2930 ξεῖνε,
815 2846 898 2928 ἔπος
915 2847 1061 2919 τελέσειε
1079 2843 1244 2946 Κρονίων.
1280 2851 1406 2921 eadem

271 2976 471 3068 particulae
489 2999 526 3045 κε
543 2973 635 3046 ratio
653 2983 724 3063 est,
748 2999 823 3069 qua
845 2977 925 3070 ipsa
949 3000 1095 3070 quoque
1112 2999 1188 3046 uno
1205 2985 1351 3049 tantum
1367 2978 1407 3049 in

271 3105 351 3177 loco
381 3129 467 3175 usus
496 3112 550 3176 est
576 3103 784 3176 Herodotus
812 3108 847 3192 7,
870 3104 958 3177 159:
984 3106 1008 3202 ἡ
1035 3129 1070 3175 κε
1098 3096 1173 3201 μέγ’
1203 3103 1356 3198 οἰμώξειε
1387 3105 1406 3174 δ

272 3231 467 3330 Πελοπίδης
479 3224 718 3328 Ἀγαμέμνων,
746 3233 901 3306 Homeri
921 3241 1006 3304 aute
1030 3229 1153 3344 oculos
1170 3233 1310 3303 hahens
1328 3256 1408 3305 ver-

272 3387 352 3434 sum
372 3359 416 3430 Il.
436 3357 474 3430 H
498 3360 586 3431 125:
614 3361 638 3457 ἧ
664 3383 700 3430 κε
720 3353 797 3456 μέγ’
820 3360 975 3453 οἰμώξειε
1001 3358 1110 3457 γέρων
1137 3358 1310 3456 {mellum
1328 3357 1405 3458 Πη-

272 3489 367 3568 λεύς·
408 3497 566 3582 quocum
598 3486 720 3558 locum
746 3487 925 3560 Herodoti
955 3486 1029 3558 iarn
1060 3487 1277 3559 Eustathius
1308 3513 1407 3559 com·

270 3617 413 3710 paravit
433 3641 469 3710 p.
491 3617 577 3702 670,
599 3602 672 3686 57?
722 3619 834 3688 verba
857 3625 946 3688 sunt
967 3615 1157 3687 Dindorfii.
1202 3617 1266 3687 sed
1289 3639 1407 3710 genus

270 3744 390 3839 ipsum
416 3743 526 3814 latius
553 3753 664 3836 patet.
712 3742 751 3814 οδ
779 3745 811 3814 οἱ
834 3745 914 3816 hiat
934 3768 1033 3816 more
1057 3743 1244 3837 epicomm
1261 3746 1297 3814 A
1321 3745 1403 3816 109.

274 3867 356 3944 132.
385 3871 416 3942 Β
441 3871 522 3942 110.
551 3866 657 3942 Δ43.
709 3867 928 3970 Βασιληίδεω
954 3867 979 3942 Θ
1003 3871 1073 3943 132
1099 3895 1175 3943 non
1199 3897 1222 3942 a
1247 3869 1406 3971 βασιλέος

269 4001 332 4072 sed
358 4001 404 4070 ab
430 3997 533 4092 epico
559 3997 724 4098 βασιλῆος
741 4001 940 4072 deductum
958 4008 1022 4081 est,
1050 3999 1218 4071 similiter
1241 4024 1284 4071 ac
1307 4000 1406 4092 quod

268 4127 470 4201 communis
488 4149 577 4198 usus
594 4127 731 4221 recepit
748 4125 934 4226 Νηρηίδων
951 4123 984 4198 Β
999 4129 1060 4214 50,
1078 4151 1147 4200 nee
1164 4137 1288 4200 tamen
1305 4151 1405 4198 more

268 4257 382 4351 epico,
402 4255 465 4350 qui
481 4253 691 4350 postulabat
703 4251 955 4353 Βασιληιάδιω.
983 4257 1027 4353 ἥν
1045 4279 1246 4350 pronomen
1264 4279 1405 4350 posses-

267 4385 385 4458 sivum
410 4382 523 4457 semel
547 4384 682 4478 legitur
706 4387 740 4455 A
768 4386 862 4466 205,
908 4382 997 4454 item
1021 4382 1135 4456 semel
1163 4384 1184 4454 d
1207 4410 1246 4482 γε
1272 4407 1403 4478 prono·

266 4513 374 4586 minis
402 4514 517 4584 instar
546 4513 577 4584 B
609 4513 691 4596 173,
726 4513 817 4608 ἦμος
842 4509 869 4582 Δ
895 4513 956 4583 28.
1020 4507 1222 4612 ἀμβολάδην
1254 4510 1282 4582 Δ
1319 4512 1402 4598 181,
