3175 5092
281 373 355 419 xxll
774 351 918 407 Praefatio.

281 529 395 603 altera
412 529 596 602 derivatus
614 537 691 602 erat
708 529 741 602 is
759 529 854 602 liber
876 531 975 601 unde
993 529 1194 623 descriptus
1212 538 1268 601 est
1287 528 1329 614 0,
1352 530 1416 601 sed

281 681 355 730 non
373 659 476 752 prius
495 680 604 752 quam
622 655 685 730 ille
700 655 775 752 (ΕΘ)
790 658 998 730 correctoris
1010 681 1123 730 manu
1135 656 1269 730 multas
1283 657 1417 730 varias-

282 809 354 881 que
372 787 531 860 subisset
547 787 786 859 mutationes:
819 809 868 858 ex
885 786 993 858 tertia
1010 785 1169 880 denique
1194 794 1278 882 post
1294 785 1416 859 nescio

282 923 373 1010 quot
391 913 658 988 vicissitudines
685 919 722 987 et
745 912 902 1009 longiori
925 913 1119 987 intervallo
1140 915 1315 1009 temporis
1332 914 1416 986 talis

282 1043 449 1139 provenit
467 1041 615 1138 qualem
632 1065 732 1116 nunc
749 1044 929 1116 habemus
946 1042 1073 1115 dinde
1091 1068 1115 1114 a
1130 1043 1162 1114 B
1184 1043 1267 1116 134.
1290 1043 1333 1115 1ιί
1348 1043 1418 1137 igi-

282 1181 342 1244 tur
359 1179 533 1266 quattuor
550 1171 699 1266 stirpem
716 1169 880 1244 refenmt
897 1195 1010 1243 unam
1031 1192 1186 1267 eamque
1203 1171 1365 1256 omnino,
1387 1172 1418 1243 si

281 1301 392 1372 trium
417 1307 558 1394 spectas
580 1303 823 1389 membranas,
848 1301 1095 1374 vetustiorem.
1141 1298 1289 1373 alterius
1306 1299 1417 1387 enim,

283 1453 377 1523 quae
395 1425 464 1500 alt
482 1428 659 1524 originem
676 1427 802 1516 habet,
820 1453 920 1501 nunc
937 1437 1067 1502 extant
1083 1425 1307 1523 exemplaria
1322 1428 1418 1502 inter

283 1556 400 1630 mults
413 1576 545 1652 genere
564 1565 720 1652 cognata
736 1558 810 1630 duo
828 1557 1019 1652 potissima
1029 1557 1113 1644 PR,
1128 1567 1167 1630 et
1178 1557 1260 1652 ipsa
1270 1557 1366 1630 inter
1379 1581 1417 1631 se

282 1709 357 1758 non
376 1685 505 1758 aetatis
522 1686 630 1758 modo
648 1687 711 1759 sed
728 1685 839 1760 etiam
864 1686 1064 1780 scripturae
1085 1686 1292 1759 diversitate
1317 1687 1419 1785 haud
1573 1748 1574 1769 ,

283 1813 511 1888 mediocriter
536 1813 711 1902 diiuncta,
736 1813 848 1910 idque
865 1838 941 1887 non
960 1824 1037 1888 tam
1054 1813 1298 1902 librariorum,
1324 1839 1418 1910 quae

282 1940 358 2016 fere
375 1939 578 2014 insimulari
596 1941 700 2029 solet,
725 1943 860 2016 inertia
882 1951 948 2016 aut
963 1942 1098 2016 iniuria
1116 1944 1289 2038 temporis
1308 1969 1418 2038 quam

283 2081 384 2146 certa
408 2095 519 2166 opera
547 2069 769 2168 consilioque
799 2074 987 2145 doctorum
1018 2071 1221 2144 hominum.
1285 2073 1418 2166 quibus

281 2201 383 2274 libris
403 2200 653 2296 adiunguntur
670 2197 776 2272 alteri
792 2223 826 2295 q,
854 2198 960 2272 alteri
982 2223 1037 2275 rso
1059 2199 1372 2295 Lamentianique
1395 2201 1421 2273 d

283 2353 365 2424 pars
390 2328 491 2423 prior
520 2337 559 2402 et
582 2325 803 2423 Angelieani
828 2328 865 2399 B
890 2327 1072 2422 particula
1101 2327 1168 2402 illa
1194 2326 1279 2401 libri
1310 2329 1417 2424 primi
1560 2413 1569 2430 .

282 2457 426 2532 novicia
442 2481 556 2530 manu
574 2455 726 2529 suffecta
744 2454 798 2552 (b).

386 2586 535 2658 Genera
566 2593 762 2681 postquam
793 2583 1064 2673 distribuimus,
1108 2584 1183 2658 iam
1217 2589 1263 2660 de
1296 2586 1418 2660 indole
1572 2568 1573 2655 i

283 2738 408 2788 eorum
434 2722 471 2786 et
496 2713 710 2786 auctoritate
734 2707 787 2785 sta
811 2737 1057 2807 exponemus,
1082 2723 1126 2787 nt
1148 2715 1249 2809 prius
1274 2714 1420 2811 singula

283 2841 509 2937 exemplaria
526 2866 619 2936 quae
638 2841 707 2913 sibi
725 2842 871 2935 pmpria
886 2843 1049 2916 habeant
1065 2842 1281 2917 indicemus.

386 2969 471 3056 AB,
491 2993 582 3067 quos
600 2968 824 3042 coniunctim
844 2969 1010 3064 appello,
1038 2970 1174 3066 qnippe
1199 2981 1301 3045 tants
1324 2972 1420 3046 inter

283 3125 321 3173 se
339 3098 576 3171 similitudine
593 3106 636 3170 ut
647 3096 724 3172 sere
737 3098 847 3170 unius
863 3098 978 3171 instar
995 3099 1080 3186 sint,
1094 3123 1162 3173 nec
1175 3107 1299 3174 tamen
1316 3110 1421 3174 tanta

284 3238 327 3302 ut
357 3227 451 3300 alter
481 3253 528 3300 ex
559 3225 672 3299 altero
704 3226 906 3321 descriptus
937 3216 1120 3300 videatur:
1157 3227 1198 3300 hi
1223 3229 1339 3324 igitur
1363 3230 1419 3302 uti

284 3355 520 3431 vetustissimi
538 3363 625 3428 sunt
642 3354 818 3440 omnium,
842 3355 896 3426 ita
919 3363 975 3427 est
996 3355 1062 3427 ubi
1086 3363 1231 3449 praeter
1251 3357 1308 3430 Od
1322 3367 1420 3432 cete-

282 3508 415 3579 rosque
431 3483 681 3579 integritatem
707 3482 879 3555 orationis
904 3491 1090 3577 praestent
1113 3483 1193 3558 soli.
1238 3485 1342 3559 emus
1366 3487 1419 3560 rei

282 3616 375 3686 haee
392 3613 528 3684 habeto
547 3611 726 3707 exempla.
762 3613 799 3684 A
817 3612 888 3684 110
907 3616 975 3683 τῶν
993 3610 1166 3711 βουκόλων
1184 3621 1263 3686 τῶν.
1302 3612 1329 3686 F
1346 3616 1418 3689 110

284 3741 339 3841 δή,
368 3742 465 3836 quod
490 3740 589 3812 idem
614 3764 679 3835 pro
702 3740 756 3811 δεῖ
770 3738 979 3834 requirebat
996 3739 1153 3814 Bekker.
1194 3738 1221 3813 Δ
1243 3742 1314 3816 1113
1333 3741 1417 3815 ἐπα-

282 3867 472 3966 ναχθέντες,
492 3878 535 3943 ut
552 3868 781 3941 coniectabat
798 3869 958 3966 Lhardy.
1005 3865 1035 3941 Ε
1057 3870 1125 3942 111
1146 3868 1243 3966 γένος
1262 3867 1323 3963 μὲν
1342 3866 1419 3968 Κὰρ

282 3995 325 4069 τὰ
352 3995 405 4076 δὲ.
446 3997 517 4070 119
544 3994 757 4097 Λάβραυνδα.
821 3993 854 4067 Η
878 4000 927 4070 60
959 3999 1149 4095 συνήγαγόν
1179 4021 1226 4069 τε.
1291 3995 1317 4070 Θ
1347 3998 1417 4072 137

252 4155 256 4160 ·
283 4123 413 4222 ὀπτῴη.
460 4121 541 4198 166
561 4122 838 4222 κατηρτημένως.
882 4145 976 4219 qnae
1000 4149 1089 4198 sane
1106 4149 1175 4198 nec
1196 4124 1316 4200 multa
1332 4138 1420 4199 sunt

282 4275 436 4328 numero
460 4277 529 4326 nec
553 4251 633 4326 aliis
664 4275 758 4347 quae
788 4253 895 4326 omisi
923 4277 1146 4348 magnopere
1177 4255 1417 4350 adaugentur.

282 4407 351 4456 nec
375 4405 461 4456 vero
485 4381 526 4456 in
551 4382 622 4454 hoo
646 4381 793 4476 propria
817 4405 943 4455 eorum
964 4383 1078 4454 virtus
1102 4382 1329 4468 continetur,
1356 4386 1419 4457 ssd

283 4513 383 4608 quod
406 4509 473 4584 uni
498 4533 545 4584 ex
574 4510 743 4585 omnibus
774 4509 1077 4604 interpolatorum
1109 4511 1312 4584 temeritate
1342 4509 1418 4587 fere
