3175 5092
278 351 346 400 11¹1
773 332 920 390 hanso.
1014 400 1019 406 ι

277 504 446 602 perfectis
471 509 585 582 additi
610 509 782 605 exemplu
806 509 955 606 collegit
971 510 1124 607 Lhardy
1140 519 1289 586 centum
1310 535 1418 585 sexa·
1566 496 1567 499 ¹

277 637 381 732 ginta
397 645 436 710 et
453 639 537 724 duo,
556 639 680 714 omissi
699 640 853 734 triginta
869 665 997 714 unum.
1043 640 1148 735 atqui
1169 665 1218 716 ex
1240 641 1313 716 huc
1337 642 1420 735 ipsa

277 767 463 861 paucitate
480 769 556 843 iam
574 769 762 846 defluxere
781 769 915 864 viginti
932 771 1018 856 duo,
1043 794 1112 842 nec
1128 779 1327 863 supersunt
1344 770 1419 844 nisi

277 897 368 970 haec
386 905 544 991 septem:
572 893 781 998 ἀναβεβήκεε
798 900 837 970 Α
856 899 918 984 84,
944 894 1200 998 ἀναβεβήκεσαν
1217 895 1250 972 Η
1269 901 1306 986 6,
1324 923 1419 970 τετε-

277 1025 434 1125 λευτήκεε
451 1028 490 1098 Α
512 1027 596 1114 165,
622 1025 862 1102 καταλελοίπεε
880 1023 907 1100 Γ
926 1028 988 1113 dl,
1013 1025 1255 1100 καταλέλειπτο
1276 1023 1308 1098 Η
1331 1029 1418 1115 170,

277 1154 414 1230 δέδοκτο
440 1151 539 1242 171,
564 1155 823 1254 παρατετάχατο
848 1152 875 1228 Θ
895 1157 956 1232 95.
1009 1165 1152 1233 utnon
1174 1156 1344 1231 absimile
1368 1157 1422 1232 sit

277 1283 354 1359 veri
379 1308 426 1358 ne
451 1282 525 1358 illis
551 1285 699 1380 quidem
729 1309 752 1355 a
780 1285 963 1380 principio
992 1282 1161 1362 defuisse.
1225 1311 1314 1360 nam
1343 1288 1421 1362 duo
1566 1330 1567 1335 =

141 1437 143 1445 ’
278 1422 466 1508 praeterea
483 1414 524 1487 in
542 1438 585 1488 eo
602 1437 756 1488 recensu
772 1415 893 1508 posits
910 1412 1051 1488 κατέατο
1075 1411 1088 1488 l
1108 1416 1170 1501 90,
1198 1413 1420 1512 περικατέατο
1566 1424 1567 1485 l

278 1539 304 1614 Θ
327 1543 395 1616 111
418 1541 550 1620 melius
578 1545 731 1617 aberant
756 1544 897 1639 quippe
920 1569 968 1618 ex
994 1542 1065 1616 alio
1089 1568 1223 1640 genere
1246 1553 1421 1638 recteque

276 1671 424 1748 liteurla
441 1673 615 1760 carentia,
640 1673 672 1748 si
697 1673 847 1768 quidem
871 1673 1117 1749 coniecturam
1140 1672 1230 1748 licet
1251 1671 1374 1750 facere
1399 1700 1421 1748 e

277 1802 530 1878 consimilibus
550 1810 696 1902 κατῆστο
709 1803 815 1878 Α46.
832 1799 930 1886 Γ83,
949 1803 1040 1876 adeo
1058 1811 1101 1878 ut
1114 1801 1276 1878 έκατέατο
1291 1800 1318 1874 Γ
1333 1804 1418 1876 144.

278 1930 303 2004 Θ
325 1934 392 2019 73,
417 1930 656 2032 περιεκατέατο
682 1933 779 2006 hane
805 1955 953 2027 quoqne
978 1933 1026 2005 ob
1051 1923 1199 2008 eausam
1216 1956 1292 2006 uon
1309 1933 1422 2007 dubi-

277 2063 386 2139 tarim
416 2087 500 2136 cum
524 2060 706 2137 Bredovio
739 2086 775 2156 p.
803 2061 878 2135 317
906 2061 1082 2136 breviare.
1153 2061 1252 2137 idem
1281 2069 1421 2150 tamen,

278 2191 513 2287 quantumvis
537 2189 603 2266 illo
628 2199 754 2266 contra
778 2191 976 2278 suadente,
1006 2191 1072 2266 vix
1099 2190 1193 2264 mihi
1216 2191 1422 2284 temperavi

278 2321 371 2417 quin
388 2323 597 2396 reducerem
619 2346 667 2394 ex
685 2319 759 2398 AO
781 2319 932 2414 ἐμετίετο
949 2322 987 2394 Α
1009 2320 1054 2394 12
1081 2322 1129 2393 ab
1150 2322 1279 2394 eodem
1297 2321 1422 2414 eapite

278 2453 489 2538 deductum,
507 2451 605 2545 quod
623 2459 681 2526 est
699 2453 814 2543 ρττίω,
842 2450 942 2524 unde
965 2449 1076 2525 fluxit
1101 2451 1200 2544 quod
1220 2473 1333 2544 supra
1353 2475 1423 2544 po-
1566 2446 1567 2487 1

278 2582 336 2654 sui
355 2577 586 2674 μμετῑμὲνντ.
632 2581 696 2656 sed
720 2580 821 2655 hunc
845 2577 966 2656 locum
989 2577 1101 2654 latius
1123 2587 1311 2673 patentem
1330 2578 1422 2654 alies
1566 2578 1567 2605 ³

277 2719 495 2804 repetemus.
541 2718 628 2809 χρῆν
649 2708 814 2784 crebrius
831 2717 888 2785 est
905 2732 1017 2802 quam
1034 2707 1156 2806 ἐχρῆν,
1183 2732 1258 2785 nou
1284 2709 1421 2786 verius.

280 2837 461 2940 βούλεσθαι
487 2849 525 2916 et
550 2839 683 2933 μέλλειν
708 2839 728 2913 ἱ
758 2839 964 2932 praefixum
988 2838 1139 2948 habent,
1169 2861 1245 2913 non
1270 2839 1315 2936 ᾗ,
1351 2863 1423 2915 nec

132 3023 134 3030 ⁴
278 2968 398 3041 unum
416 2994 437 3044 θ
454 2971 586 3065 grandi
604 2993 757 3046 numero
775 2967 1026 3062 exemplorum
1051 2966 1162 3061 plane
1181 2966 1324 3042 librarii
1342 2991 1423 3040 cor-

278 3107 474 3194 ruperunt:
509 3124 582 3195 quo
604 3100 721 3196 magis
740 3100 794 3174 eis
812 3098 1034 3172 credendum
1060 3098 1158 3192 quod
1181 3121 1266 3172 cum
1283 3095 1422 3170 έδονέα-
1566 3142 1567 3159 ,

278 3253 317 3300 το
357 3229 536 3306 exhibent
573 3231 719 3324 saepius
751 3237 833 3304 tum
871 3236 928 3304 ter
965 3224 1131 3325 ἠδυνέατο
1163 3223 1190 3300 Δ
1223 3227 1306 3300 110.
1336 3226 1420 3298 185.
1566 3232 1567 3325 }

281 3356 375 3434 170.
995 3375 999 3380 ’

383 3491 640 3584 augmentum
666 3485 866 3581 temporale
891 3482 1129 3560 multifariam
1149 3509 1227 3558 esse
1244 3484 1422 3559 omissum
1566 3472 1567 3529 ἑ

281 3620 426 3712 abipso
445 3618 618 3712 scriptore
642 3642 718 3694 non
740 3617 865 3694 minus
890 3623 1110 3693 etcertum
1135 3639 1246 3708 quarn
1270 3610 1422 3688 difficile

280 3757 452 3833 statuere,
472 3748 608 3844 quibus
626 3748 859 3842 potissimum
872 3745 912 3820 in
924 3745 1045 3820 verbis
1059 3753 1272 3838 quantaque
1287 3743 1330 3819 iu
1345 3743 1422 3818 sin·

279 3877 376 3973 gulis
394 3903 521 3952 eorum
539 3876 754 3952 constantia.
797 3874 862 3950 ille
879 3898 964 3948 vero
981 3875 1074 3968 ipsa,
1092 3874 1291 3968 dequibus
1309 3897 1333 3944 ο
1348 3873 1421 3949 fide
1566 3920 1567 3925 =

278 4007 455 4082 librorum
481 4005 576 4080 nihil
601 4007 715 4082 oritur
740 4004 993 4086 dubitationis,
1011 4000 1146 4080 frusba
1163 4002 1353 4079 conaberis
1373 4003 1421 4077 od

280 4137 374 4234 legis
393 4136 547 4212 adonius
571 4137 806 4213 severitatem
823 4135 987 4229 redigere
1012 4140 1077 4206 aut
1098 4133 1213 4208 etiam
1230 4132 1330 4208 iutra
1345 4155 1422 4206 oer-

282 4277 342 4342 tae
359 4267 635 4342 consuetudinis
658 4262 877 4358 compellere
901 4263 1092 4338 terminos:
1119 4282 1163 4336 eo
1187 4285 1304 4356 usque
1330 4263 1422 4338 haec

282 4421 340 4472 res
366 4406 405 4471 et
429 4420 523 4492 vaga
545 4405 602 4470 est
625 4403 755 4490 suapte
779 4402 913 4467 nauus
936 4401 975 4468 et
991 4417 1078 4466 casu
1097 4392 1314 4486 incurisque
1338 4415 1422 4485 per·

281 4528 438 4604 turbata.
511 4525 697 4604 temeritas
733 4532 858 4602 autem
892 4531 1155 4609 comestorum,
1194 4523 1228 4594 O
1260 4521 1422 4598 maxime
