3175 5092
651 328 852 389 -B-
1261 330 1319 391 157

185 501 257 571 θὼν
277 499 315 573 δέ
332 500 367 572 ἐν
386 502 464 599 τήσι
482 500 723 599 τεσσεράκοντα
740 502 890 599 ἡμέρῃσι
907 506 1006 573 τούτο
1025 504 1062 572 τό
1078 505 1214 600 χωρίον,
1231 503 1323 583 αύτις

187 620 223 700 ἐς
241 619 355 718 ἕτερον
373 619 490 691 πλοῖον
509 618 611 721 ἐσβὰς
628 619 779 693 δυώδεκα
797 620 929 720 ἡμέρας
946 621 1117 703 πλεύσεαι,
1135 623 1190 691 καί
1208 618 1323 692 ἔπειτα

187 740 279 837 ήξεις
297 740 333 821 ἐς
350 740 448 812 πόλιν
475 740 628 838 μεγάλην
651 742 694 837 τῃ
719 740 850 836 οὔνομά
868 740 939 813 ἐστι
957 736 1099 840 Μερόη·
1127 740 1257 837 λέγεται
1287 738 1325 811 δὲ

189 858 274 959 αὕτη
299 862 323 958 ή
348 859 447 941 πόλις
472 859 557 932 εἶναι
583 860 792 959 μητρόπολις
819 868 885 932 τῶν
913 859 1026 933 ἄλλων
1052 859 1236 933 Αἰθιόπων.
1293 862 1323 931 οί

150 1003 169 1049 5
190 970 220 1051 δ’
243 980 278 1051 ἐν
296 982 402 1079 ταύτῃ
421 978 485 1051 Δία
502 980 592 1052 θεῶν
617 983 672 1052 καί
690 982 850 1054 Διόνυσον
878 983 1021 1075 μούνους
1044 980 1210 1081 σέβονται,
1244 982 1323 1051 τού-

191 1126 267 1180 τους
288 1126 324 1172 τε
350 1101 505 1198 μεχάλως
527 1108 658 1195 τιμῶσι,
689 1106 744 1172 καί
770 1126 831 1197 σφι
849 1105 1009 1199 μαντήιον
1028 1099 1107 1181 Διὸς
1125 1100 1323 1199 κατέστηκε

192 1223 428 1319 στρατεύονται
452 1218 489 1292 δὲ
514 1220 616 1293 ἐπεάν
644 1246 749 1315 σφεας
776 1222 795 1291 ό
821 1221 901 1301 θεὸς
924 1218 1021 1299 οὗτος
1045 1219 1167 1319 κελεύῃ
1193 1218 1248 1293 διά
1266 1220 1325 1292 θε-

192 1340 398 1435 σπισμάτων,
415 1343 471 1413 καί
488 1343 530 1439 τῇ
550 1337 589 1411 ἂν
608 1340 741 1438 κελεύῃ,
757 1340 876 1415 ἐκεῖσε.
905 1338 971 1412 άπὸ
990 1338 1028 1412 δὲ
1042 1342 1169 1439 ταύτης
1183 1350 1246 1441 τῆς
1261 1345 1324 1412 πό·
1339 1345 1379 1407 30

193 1461 264 1541 λιος
280 1460 394 1535 πλέων
414 1461 449 1533 ἐν
468 1462 532 1557 ἴσιρ
549 1462 662 1559 χρόνῳ
680 1458 776 1557 άλλφ
800 1460 891 1559 τήξεις
914 1460 950 1541 ἐς
968 1462 1045 1542 τοὺς
1064 1461 1272 1555 αὐτομόλους
1290 1460 1325 1533 ἐν

139 1608 173 1655 ιο
194 1582 264 1677 όσιρ
281 1607 345 1679 περ
364 1571 653 1679 ἐξἘλεφαντίνης
671 1580 778 1679 ήλθες
792 1581 829 1661 ἐς
844 1582 904 1678 τήν
924 1582 1131 1679 μητρόπολιν
1149 1589 1216 1651 τῶν
1231 1579 1326 1661 Af&-

193 1705 298 1772 όπων.
353 1702 440 1771 τοῖσι
466 1698 504 1771 δέ
527 1699 745 1793 αὐτομόλοισι
763 1704 910 1773 τούτοισι
933 1700 1061 1793 ούνομά
1086 1700 1157 1772 ε’στι
1176 1690 1325 1797 Ἀσμάχ,

194 1820 330 1891 δύναται
365 1818 403 1891 δὲ
432 1826 530 1892 τούτο
561 1822 598 1891 τό
637 1818 719 1901 ἔπος
755 1819 839 1892 κατὰ
870 1806 941 1917 τήν
961 1806 1141 1918 Ἑλλήνων
1172 1821 1328 1918 χλῶσοαν

194 1943 225 2013 οί
242 1940 278 2019 ἐξ
296 1937 475 2041 ἀριστερῆς
494 1942 607 2037 χειρὸς
623 1940 865 2038 παριστάμενοι
884 1939 1025 2041 βασιλέι.
1077 1937 1272 2040 ἀπέστησαν
1292 1939 1329 2011 δὲ

195 2060 293 2133 αύται
309 2058 465 2157 τέσσερες
491 2062 545 2131 καὶ
570 2062 674 2133 εἴκοσι
699 2058 856 2161 μυριάδες
875 2056 1063 2157 Αίχυπτίων
1081 2068 1147 2133 τῶν
1172 2066 1329 2158 μαχίμων

141 2206 176 2255 15
195 2181 231 2262 ἐς
254 2182 333 2260 τοὺς
359 2175 525 2259 Αἰθίοπας
550 2182 687 2262 τούτους
722 2170 764 2251 δι’
797 2181 907 2279 αἰτίην
937 2180 1082 2277 τοιήνδε.
1144 2180 1199 2253 ἐπὶ
1229 2178 1330 2275 Ψαμ-

197 2306 342 2399 μητίχου
369 2298 528 2401 βασιλέος
559 2299 706 2397 φυλακαὶ
733 2302 944 2400 κατέστησαν
972 2299 1008 2371 ἐν
1039 2324 1074 2372 τε
1101 2293 1329 2400 Ἐλεφαντίνῃ

195 2421 276 2493 πόλι
291 2421 377 2519 πρὸς
394 2412 567 2491 Αἰθιόπων
594 2422 648 2491 καί
673 2419 708 2491 ἐν
727 2418 884 2519 Δάφνῃσι
910 2424 988 2520 τήσι
1008 2418 1222 2519 Πηλουσίῃσι
1241 2418 1329 2520 άλλη

195 2543 280 2640 πρός
292 2532 465 2641 Ἀραβίων
484 2563 521 2609 τε
539 2540 594 2610 καὶ
607 2529 807 2638 Ἀσσυρίων,
828 2544 881 2611 καί
900 2540 935 2613 ἐν
955 2536 1080 2641 Μαρέῃ
1099 2542 1183 2639 πρὸς
1201 2540 1333 2642 Λιβύης

196 2659 297 2759 άλλη.
344 2657 394 2731 ἔτι
412 2658 449 2730 δὲ
467 2646 521 2729 ἐπ’
550 2657 631 2751 ἐμεύ
653 2662 707 2731 καί
727 2657 886 2758 Περσέων
912 2658 996 2731 κατὰ
1013 2660 1117 2733 ταύτὰ
1136 2662 1170 2732 αί
1188 2661 1333 2758 φυλακαί

144 2779 316 2877 τρέχουσι
340 2782 388 2858 ὡς
415 2781 468 2849 καί
492 2777 547 2849 ἐπὶ
566 2776 797 2877 Ψαμμητίχου
814 2780 923 2879 ήοαν·
957 2782 1011 2852 καὶ
1028 2778 1091 2877 γὰρ
1110 2780 1145 2853 ἐν
1160 2774 1332 2879 Ἐλεφαν-

197 2904 273 2997 τίνῃ
294 2896 422 2996 Πέρσαι
448 2896 650 2996 φρουρέουσι
677 2902 734 2971 καὶ
762 2900 797 2971 ἐν
816 2896 980 2998 Δάφνῃσι.
1026 2900 1105 2979 τοὺς
1131 2901 1178 2970 ὧν
1203 2898 1246 2998 δή
1273 2896 1332 2970 Αί-

198 3022 355 3116 ῃυπτίους
370 3022 445 3116 τρία
463 3016 540 3090 ἔτεα
556 3022 813 3118 φρουρήσαντας
828 3015 954 3091 ἀπέλυε
970 3018 1079 3099 οὐδεὶς
1093 3026 1154 3119 τῆς
1170 3027 1332 3120 φρουρῆς·

198 3141 230 3210 οί
248 3136 285 3209 δὲ
303 3136 565 3239 βουλευσάμενοι
584 3140 639 3209 καί
656 3142 758 3236 κοινῷ
779 3137 871 3235 λόχῳ
895 3138 1103 3238 χρησάμενοι
1127 3140 1250 3220 πάντες
1268 3136 1335 3212 άπὸ

354 3375 411 3449 περὶ
423 3371 527 3448 Μερόης
540 3375 639 3435 πόλεως
650 3376 694 3430 καὶ
705 3384 757 3430 τῶν
769 3376 796 3430 ἐν
808 3376 873 3451 αύιή

304 3570 329 3621 3.
349 3566 504 3655 διομόσαιτο
517 3565 572 3637 Byz
592 3582 616 3620 v.
631 3562 731 3698 Μεχόη.
750 3594 784 3607 -
809 3568 848 3620 ll.
868 3574 935 3622 τοῖσι
948 3600 962 3609 -
974 3561 1076 3643 Ἀσμάχ
1091 3577 1119 3623 et
1134 3571 1163 3622 13
1176 3570 1200 3624 ol
1213 3603 1228 3615 -
1240 3568 1337 3641 βασιλέι

252 3636 325 3691 idem
336 3655 361 3691 v.
376 3633 530 3706 Αυτόμολοι.
551 3665 587 3676 -
606 3638 645 3689 17.
692 3636 828 3691 ustathius
840 3637 922 3692 Dion.
938 3640 989 3691 916

255 3813 279 3864 1.
299 3808 391 3864 ἐνοιιι.
406 3810 492 3865 ΡΙίάι
520 3811 532 3876 ΙΙ
559 3811 746 3882 τεσσαράκοντα
759 3812 820 3865 Rdz
849 3812 860 3877 ΙΙ
893 3812 918 3865 2.
938 3811 1019 3884 ἐμβάς
1033 3812 1125 3867 PRdz.
1141 3814 1230 3881 Long.
1260 3816 1271 3879 ΙΙ
1301 3807 1338 3867 δύ’
1377 3870 1378 3875 ,

201 3878 301 3953 ἡμέρας
314 3880 400 3949 Long.
427 3882 439 3946 ΙΙ
460 3879 505 3933 καί
517 3897 570 3933 om.
585 3881 673 3949 Long.
697 3884 709 3947 ΙΙ
732 3884 757 3933 3.
777 3881 832 3950 ήξει
848 3882 877 3945 0,
890 3880 979 3944 ἵξεαιε
999 3886 1010 3947 ΙΙ
1034 3876 1150 3953 ήΙιοιηζ.
1172 3884 1183 3949 ΙΙ
1204 3882 1286 3953 όνομοί
1299 3884 1335 3936 R.

201 3950 260 4003 Lon
283 3988 290 4001 .
316 3952 327 4015 ΙΙ
353 3950 407 4002 ἐστι
418 3967 473 4003 om.
487 3950 575 4018 Long.
606 3952 618 4014 ΙΙ
646 3952 671 4002 5.
690 3949 845 4020 ἐναύτήιθ
864 3954 875 4017 ΙΙ
899 3949 999 4005 ύεύνΙί
1028 3954 1039 4016 ΙΙ
1068 3954 1094 4004 ύ.
1113 3952 1306 4021 κατεστήκεεθ
1330 3956 1338 4019 ή

203 4018 227 4072 7.
247 3967 381 4073 όάΑΒίί
395 4010 416 4069 δ’
439 4022 452 4085 ΙΙ
475 4016 553 4090 σφέας
568 4018 627 4071 Ιίιίι
649 4021 660 4084 ΙΙ
684 4022 709 4072 9.
730 4018 841 4072 πλέονά
862 4022 874 4086 ΙΙ
905 4021 944 4073 10.
963 4022 1023 4083 τῶν]
1071 4022 1153 4075 νΛΒ
1183 4022 1194 4085 ΙΙ
1226 4022 1266 4072 11.
1287 4020 1339 4074 ἐστι

202 4106 256 4141 om.
270 4086 367 4159 steph.
409 4090 422 4153 ΙΙ
464 4090 503 4140 ¹2.
524 4087 612 4159 άοχοίμ
623 4090 689 4153 ΑΒ,
702 4088 791 4160 άοχάμ
805 4088 835 4153 0,
850 4082 934 4159 Ἀσμά
951 4109 983 4161 ην
997 4086 1091 4159 Step.
1130 4091 1142 4155 ΙΙ
1184 4092 1223 4141 13.
1243 4090 1337 4161 χειρός]

201 4156 318 4229 γλώσσης
331 4156 425 4226 Steph.
448 4160 460 4223 ΙΙ
480 4155 579 4227 βασιλεῖ
589 4158 695 4212 ABRd
714 4160 725 4223 ΙΙ
749 4160 787 4209 14.
807 4158 921 4229 τέσσερες
933 4106 986 4211 ἐτι
1000 4157 1077 4211 κίσσα
1106 4176 1118 4217 ς
1142 4160 1153 4225 ΙΙ
1179 4160 1217 4210 15.
1238 4158 1340 4229 τοιήνδε

203 4230 259 4281 ΑΒ
281 4231 292 4293 n
315 4226 476 4299 ψομμιτίχου
492 4224 541 4280 ίῬ
566 4230 577 4294 ΙΙ
609 4228 647 4279 16.
670 4225 794 4297 βασιλέως
807 4228 838 4279 ιίιι
867 4230 878 4292 ΙΙ
907 4227 1061 4279 κατέστασαν
1103 4228 1135 4281 dc
1164 4230 1175 4295 ΙΙ
1207 4228 1246 4279 17.
1267 4228 1339 4281 πόλει

206 4296 436 4363 mmmm
472 4298 483 4362 ΙΙ
519 4295 587 4367 άλλη
600 4295 726 4349 Βείτίιοτι
740 4293 808 4365 άλλη
822 4294 849 4346 δὲ
862 4297 895 4349 L.
910 4294 978 4367 άλλη
991 4294 1024 4367 δή
1037 4294 1100 4350 Eltz
1134 4300 1145 4363 ΙΙ
1184 4298 1222 4348 18.
1242 4314 1270 4349 τε
1283 4315 1336 4351 om.

204 4435 286 4490 ABG
311 4437 323 4500 ΙΙ
351 4434 510 4506 άρραβίοινά
536 4437 548 4501 ΙΙ
577 4434 660 4506 σύρων
672 4435 721 4489 Ra
748 4438 760 4501 ίΙ
789 4433 996 4507 μαραίηιΑΒΟ,
1010 4385 1087 4506 μαράί
1102 4436 1129 4489 Ρ
1160 4438 1171 4500 ΙΙ
1207 4438 1247 4487 20.
1268 4436 1340 4508 ψαμ-

205 4505 306 4576 μιτίχου
322 4504 370 4558 01>
389 4507 402 4569 11
423 4505 467 4557 καὶ
479 4505 527 4575 γάρ
539 4504 702 4576 ἐλεφαντίνην
715 4504 764 4557 Ra
