3175 5092
275 326 297 370 1,
772 299 917 356 Praefatio.

277 503 372 573 quae
411 479 509 572 apud
539 477 737 550 stobaeum
774 484 914 549 extant.
973 499 1130 570 quorum
1164 476 1210 547 de
1241 497 1413 569 perversa

278 604 502 700 confusaque
526 605 674 678 ionismi
700 604 907 677 imitatione
931 604 1077 676 monuit
1094 604 1222 698 paucis
1239 605 1305 675 sed
1321 603 1412 675 scite

277 735 481 813 Bradovius
513 757 548 828 p.
576 735 634 806 51.
700 758 820 828 neque
851 747 977 805 tamen
1011 734 1136 804 credat
1167 741 1304 804 temere
1339 731 1412 803 nisi

277 865 342 958 qui
367 864 447 958 ipse
472 863 660 957 usurparit
684 861 812 943 oculis,
833 886 944 956 quam
968 859 1027 933 illi
1050 884 1254 954 eorumque
1274 860 1412 933 similer

278 991 471 1086 pueriliter
502 991 620 1064 dicam
656 991 902 1084 imperiteque
936 1013 987 1062 an
1015 989 1170 1063 licenter
1198 1013 1275 1061 non
1304 990 1413 1062 modo

276 1120 523 1196 diversissima
536 1143 702 1214 quaeque
720 1127 759 1190 ct
769 1114 905 1212 genere
918 1127 957 1190 et
969 1125 1088 1190 aetate
1103 1117 1411 1197 commiscuerint,

277 1252 340 1322 sed
357 1272 453 1322 nova
470 1256 508 1322 et
525 1247 693 1320 inaudita
716 1270 784 1340 pro
808 1270 876 1318 sua
900 1247 1055 1342 quicque
1074 1247 1242 1320 doctrina
1261 1270 1304 1317 ac
1324 1244 1414 1317 libi-

277 1379 363 1452 dine
396 1374 620 1450 effinxeriut.
674 1374 764 1469 quid
796 1376 893 1469 quod
921 1377 1078 1469 scriptor
1101 1376 1252 1469 quidam
1276 1398 1412 1460 rerum,

278 1530 388 1602 quem
412 1505 509 1578 ridet
528 1503 716 1580 Lucienus
741 1502 903 1598 ρυααιυιλυ
919 1503 1036 1576 histor.
1056 1527 1183 1576 consor.
1206 1505 1266 1589 18,
1292 1504 1413 1575 Hero-

277 1634 355 1708 doti
373 1631 441 1704 illa
464 1633 506 1729 ἦν
527 1627 733 1729 Κανδαύλης
754 1633 812 1704 τὸν
843 1631 876 1702 ο1
893 1624 1066 1729 Ἕλληνος
1089 1626 1261 1730 Μυρσίλον
1286 1630 1412 1725 duopri-

277 1764 371 1844 (oocr
402 1761 525 1832 hunce
561 1759 601 1832 in
637 1761 787 1832 modum
827 1760 916 1832 dum
946 1760 1113 1836 imitatur
1142 1761 1325 1853 corrupit:
1369 1761 1413 1857 ἧν

272 1884 423 1988 ’θαρόης
445 1912 495 1966 τις
518 1889 574 1960 τὸν
601 1887 633 1960 οἱ
650 1879 824 1984 Ἕλληνες
843 1880 1009 1986 Ὀξυρόην
1034 1885 1283 1980 ὀνυμέουσι.
1333 1888 1413 1980 ipse

278 2019 464 2090 Lucienus
478 2015 531 2090 ita
543 2015 756 2109 loquentem
769 2012 859 2091 facit
871 2002 953 2110 ‘pro
966 2039 1034 2088 suo
1046 2004 1158 2088 more’
1181 2015 1412 2087 Herodotum

276 2146 318 2220 de
346 2145 441 2220 dano
467 2145 515 2216 20
543 2140 679 2240 ἀληθέα
703 2142 782 2216 τάδε
809 2141 828 2214 ὁ
856 2141 956 2239 λόγος
982 2141 1075 2236 ὑμῖν,
1108 2140 1225 2241 ἄνδρας
1249 2143 1411 2224 δικασταί,

278 2273 435 2368 μυθέεται
462 2273 517 2346 καί
546 2272 577 2342 οἱ
604 2267 762 2344 πείσεσθε
789 2269 854 2342 ὅσα
879 2266 918 2341 ἂν
949 2269 1034 2368 λέηη
1064 2268 1209 2341 τουτέων
1234 2269 1313 2368 πέρι
1338 2268 1413 2365 ὄψιν

278 2399 382 2500 ἀκοῆς
399 2397 606 2496 προτιμέων,
636 2397 830 2491 inquibus
854 2397 999 2472 τουτίων
1022 2395 1158 2470 falsum
1182 2421 1251 2491 pro
1271 2399 1409 2472 τούτων.

277 2526 467 2626 προτιμέων
488 2525 724 2604 vehementer
742 2525 906 2598 dubium.
952 2526 1084 2598 horum
1101 2526 1218 2621 igitur
1241 2523 1413 2618 exemplo

278 2664 315 2730 et
340 2652 556 2728 auctoritate
582 2653 729 2726 invecta
750 2654 910 2726 arbitror
933 2652 1011 2726 illis
1032 2655 1123 2747 ipsis
1141 2651 1297 2726 saeculis
1315 2652 1412 2753 βασι-

279 2783 363 2880 ληίη
382 2769 564 2884 ‘reginae’¹
585 2777 613 2854 A
632 2781 694 2865 33,
719 2783 855 2878 τηντινα
880 2777 908 2852 Α
930 2781 997 2866 96,
1023 2777 1306 2879 ἐπιτράψονταιΓ
1328 2782 1412 2865 155,

278 2907 418 2984 Βάττεω
436 2905 467 2980 Β
490 2909 574 2994 181,
595 2905 795 3006 Κροίαεωθ
820 2909 903 2992 122,
922 2904 1152 3008 Μιμβλιάρτω
1170 2904 1199 2980 Δ
1220 2910 1303 2980 147.
1328 2910 1412 2990 148,

278 3035 434 3110 Σουαέων
453 3032 482 3106 Ε
502 3037 563 3122 35,
589 3033 698 3132 αὐτέῳ
721 3031 749 3110 Α
774 3036 858 3119 133,
883 3036 1027 3110 τουτέων
1052 3037 1093 3108 in
1116 3059 1251 3130 genere
1271 3061 1413 3108 mascn-

278 3165 356 3241 lino
387 3173 425 3238 et
454 3173 585 3238 neutro
618 3159 646 3236 A
674 3165 733 3238 50.
765 3165 849 3238 125.
877 3160 909 3238 Β
935 3164 970 3236 3.
997 3160 1026 3236 Δ
1051 3165 1085 3236 3.
1114 3161 1159 3259 (Η
1190 3164 1291 3259 124),
1324 3165 1411 3236 item

279 3291 408 3368 αιίτέων
428 3287 455 3361 Α
477 3294 510 3368 θ.
532 3292 822 3367 125126133.
843 3292 925 3366 141.
951 3293 1033 3365 146.
1058 3293 1142 3364 165.
1172 3289 1201 3365 Ε
1222 3296 1255 3364 5.
1272 3295 1332 3364 27.
1350 3296 1409 3365 52.

278 3419 304 3492 Z
320 3423 381 3504 27,
396 3443 479 3490 rara
496 3443 583 3492 sane
602 3421 642 3494 in
656 3429 759 3496 tanta
771 3417 982 3512 frequentia
994 3421 1127 3494 horum
1141 3422 1410 3514 pronominum.

277 3549 365 3621 hinc
392 3571 499 3641 porro
523 3555 611 3622 nata
633 3547 806 3621 videntur
829 3557 868 3620 et
884 3572 979 3642 quae
998 3548 1061 3620 hic
1078 3547 1156 3620 illic
1172 3549 1302 3622 obviae
1327 3559 1413 3621 sunt

279 3675 542 3750 adiectivorum
566 3677 607 3750 in
630 3701 669 3756 υς
691 3673 830 3748 somnae
847 3673 1048 3750 femininae
1072 3701 1149 3750 non
1169 3677 1209 3748 in
1227 3677 1267 3748 έα
1291 3679 1412 3749 sedin

278 3803 319 3901 ἑη
353 3811 417 3876 aut
447 3807 500 3902 τίη
533 3806 704 3880 cadentes
735 3803 901 3900 (Bredov.
928 3829 965 3898 p.
998 3805 1101 3900 157),
1132 3812 1171 3877 et
1199 3803 1415 3900 imperfecta

278 3933 479 4026 aoristique
496 3934 755 4028 berytonornm
780 3955 849 4025 pro
866 3957 944 4006 οντο
962 3932 1145 4006 declinata
1162 3934 1203 4004 in
1219 3957 1309 4015 εατο,
1329 3959 1413 4028 per-

278 4085 404 4154 peram
422 4060 564 4134 scilicet
581 4059 824 4135 similitudine
848 4063 896 4137 ab
912 4059 1084 4154 perfectis
1101 4084 1303 4154 eorumque
1319 4087 1413 4155 quae

279 4198 365 4263 sunt
389 4191 430 4261 in
449 4216 486 4282 ρι
504 4191 755 4282 praesentibus
780 4187 1088 4283 imperfectisque,
1113 4188 1217 4262 velut
1236 4189 1412 4262 κεκλέαται

278 4315 429 4391 τιθέαται
447 4317 612 4399 ἐτιθέατο,
633 4317 781 4390 tralata:
810 4316 992 4418 ἐβουλέατο
1019 4314 1102 4390 114.
1133 4315 1159 4390 Γ
1181 4319 1266 4404 143,
1290 4317 1412 4390 ἐναπε-

279 4440 460 4525 νιζὲατοΒ
483 4445 567 4530 173,
588 4441 825 4543 ἀπιηραφὲατο
844 4441 872 4518 E
891 4447 953 4531 29,
979 4445 1136 4543 ἐγενέατο
1154 4442 1186 4518 Β
1208 4448 1293 4531 166,
1315 4471 1412 4545 περι-
