3175 5092
755 353 902 410 Praelatio.

266 530 330 625 qui
349 529 497 601 atticam
522 537 561 601 et
582 529 721 623 ubique
745 529 991 614 oircrimfleoti,
1016 525 1185 609 ΝεκῶςΒ
1208 531 1291 602 158.
1316 531 1402 616 159,

265 654 365 728 Νεκῶ
384 657 415 728 Β
439 658 521 728 158.
542 654 568 726 Δ
588 659 649 742 42,
668 654 786 730 Νεκῶν
805 657 837 728 Β
860 658 945 743 152,
964 651 1132 753 Μανερῶς
1149 657 1181 728 Β
1202 658 1263 742 79,
1291 653 1402 727 Ναθῶ

265 784 297 855 Β
320 786 410 870 165,
437 782 603 884 Σαβακῶς
626 781 657 855 Β
680 783 771 869 139,
803 782 972 885 Σαβακῶν
997 784 1029 854 Β
1054 771 1135 856 13'7.
1160 787 1250 870 152,
1282 783 1401 856 Σεθῶν

265 913 296 984 Β
321 914 410 998 141,
443 908 560 1009 Φερῶν
585 911 617 981 Β
640 913 723 984 111.
777 913 841 984 sed
865 913 964 1006 quod
988 912 1069 984 dixi
1096 913 1223 984 omnia
1245 912 1403 984 circum-

265 1041 374 1127 flecti,
393 1063 510 1112 unum
523 1025 667 1136 Ἰνάρως
685 1035 717 1110 H
738 1043 772 1124 7,
793 1031 917 1137 Ἰνάρω
936 1037 964 1110 Γ
985 1041 1041 1111 12.
1067 1041 1112 1112 15
1139 1040 1401 1135 excipiendum

265 1177 331 1256 est,
357 1170 455 1263 quod
479 1192 556 1239 non
579 1168 695 1240 audeo
719 1191 820 1240 nuno
836 1175 982 1261 praeter
1005 1169 1213 1262 paradosim
1237 1170 1278 1240 in
1302 1169 1402 1240 ordi-

265 1323 350 1370 nem
382 1320 529 1392 oogere:
572 1296 744 1390 qnodque
780 1296 886 1390 sequi
921 1295 1205 1370 declinationem
1239 1297 1401 1384 atticam,

265 1422 368 1521 Τυφῶ
393 1423 506 1498 semel
532 1425 682 1518 quidem
707 1421 844 1518 legitur
868 1420 895 1494 Γ
915 1427 954 1511 5,
983 1425 1081 1496 idem
1107 1449 1194 1497 vero
1221 1427 1263 1498 in
1287 1426 1403 1498 usita-

266 1554 397 1626 tiorem
429 1553 582 1625 Graecia
618 1549 773 1626 fonnam
811 1552 965 1626 deflexit
995 1552 1027 1623 B
1054 1554 1125 1626 156
1156 1549 1278 1649 Τυφῶν
1314 1577 1402 1626 casu

266 1690 384 1768 reet0,
414 1681 485 1752 144
512 1677 668 1776 Τυφῶνα.
727 1705 750 1750 a
773 1677 873 1778 τέρας
898 1690 939 1753 et
960 1679 1074 1777 τέρεος
1096 1679 1197 1778 τέρεα
1220 1692 1402 1756 venerunt

265 1806 290 1880 o
318 1810 365 1881 37
392 1809 514 1880 ionico
539 1831 640 1880 more
662 1815 701 1881 et
725 1831 813 1880 vero
836 1805 960 1906 τέρατα
985 1807 1017 1878 B
1037 1809 1085 1880 82
1111 1807 1268 1904 νωθρή.
1308 1809 1401 1891 υίέας

265 1935 292 2007 Δ
318 1938 367 2010 84
393 1937 546 2010 unicum
574 1945 630 2010 eat
659 1949 729 2010 neo
756 1935 874 2032 magis
898 1937 1121 2010 movendum
1148 1961 1258 2032 quam
1291 1941 1401 2037 κρίνεα

265 2066 297 2137 Β
311 2067 358 2138 92
374 2074 561 2160 tamquam
579 2090 602 2136 a
619 2067 730 2162 κρίνας
747 2063 985 2150 declinatum,
1003 2088 1089 2136 oum
1105 2066 1155 2137 eit
1171 2067 1208 2138 A
1225 2067 1296 2138 195
1315 2090 1403 2137 oon-

265 2204 411 2266 suetum
435 2197 558 2292 κρίνον.
603 2193 720 2286 magia
744 2191 927 2264 mirabilis
956 2193 1092 2287 triceps
1120 2219 1187 2288 per
1210 2217 1315 2267 casua
1338 2196 1402 2266 de-

266 2323 390 2394 ductio
408 2322 487 2394 eiua
506 2322 605 2414 quod
629 2329 685 2393 est
708 2320 749 2392 in
773 2321 961 2392 communi
981 2345 1053 2392 unu
1077 2319 1230 2420 δένδρον,
1258 2346 1333 2417 qua
1356 2324 1402 2395 de

266 2473 342 2523 non
366 2449 550 2544 praecipit
573 2449 690 2544 magis
717 2472 827 2544 quam
853 2451 1024 2522 observat
1046 2457 1243 2544 narratque
1267 2449 1403 2524 lexico

266 2578 492 2674 graphorum
515 2575 789 2650 sollertissimus
814 2577 947 2650 Aeliua
971 2577 1184 2674 Dionysius.
1228 2578 1399 2651 Euetath.

266 2707 311 2778 ll.
330 2731 367 2800 p.
389 2706 462 2779 396
492 2703 599 2777 δοτέον
626 2701 664 2775 δέ
689 2705 739 2776 ὅτι
757 2703 792 2777 έν
811 2707 863 2801 τῷ
875 2699 992 2776 Αἰλίου
1008 2701 1181 2777 Διονυσίου
1199 2703 1320 2802 letari>
1338 2707 1401 2802 ρέ-

266 2859 358 2933 ρεται
377 2833 428 2904 ὅτι
452 2830 584 2930 λέγεται
608 2830 648 2903 οὐ
674 2835 775 2926 μόνον
801 2831 976 2930 δένδρον
1003 2828 1092 2903 ἀλλά
1119 2833 1173 2904 καί
1201 2831 1401 2931 δένδρεον

265 2963 321 3034 ’καὶ
339 2959 531 3059 δένδρος.
577 2961 663 3057 φησὶ
680 2964 759 3056 γοῦν
779 2960 829 3031 ὅτι
847 2958 981 3057 δένδρον
1001 2957 1130 3053 μᾶλλον
1149 2959 1172 3058 l
1192 2957 1330 3057 δένδρος
1347 2962 1402 3031 καὶ

267 3087 389 3186 δένδρα
406 3086 534 3181 μᾶλλον
552 3086 574 3185 ἡ
595 3085 727 3186 δένδρη,
758 3089 813 3158 καί
830 3087 865 3158 αἱ
881 3089 1026 3167 πτώσεις
1043 3085 1183 3185 δένδρου
1201 3087 1256 3158 καὶ
1274 3085 1402 3186 δένδρῳ

266 3215 395 3311 μᾶλλον
426 3214 448 3313 ἡ
481 3213 609 3311 δένδρεε
638 3214 661 3313 l
694 3213 850 3312 δένδρους
888 3213 1000 3308 (apud
1031 3215 1174 3287 Attioos
1204 3213 1400 3309 videlicet).

266 3341 424 3439 Ξενοφῶν
440 3339 478 3413 δέ
494 3342 597 3438 φησὶν
615 3339 750 3421 ἐκείνως
767 3339 896 3434 μᾶλλον
913 3338 1081 3434 ὀνομάζει,
1100 3341 1236 3440 δένδρος
1253 3343 1308 3413 καὶ
1325 3342 1401 3414 δέν-

267 3469 337 3570 δρει
354 3472 409 3542 καὶ
427 3467 578 3566 δένδρεσι
595 3471 649 3539 καί
667 3465 787 3567 δένδρη
817 3469 870 3539 καὶ
895 3467 1036 3567 δένδρεα
1053 3469 1122 3541 κτλ.
1149 3470 1191 3542 in
1212 3471 1402 3542 Herodoto

265 3598 376 3692 longe
401 3595 616 3691 praevalent
639 3593 777 3670 formae
802 3595 1033 3692 trisyllabae:
1067 3594 1221 3695 δένδρων
1246 3595 1402 3696 δενδρέου

267 3723 411 3824 δενδρέῳ
429 3721 457 3795 Δ
476 3725 535 3797 22.
556 3724 618 3810 23,
637 3722 777 3822 δένδρεα
797 3721 960 3821 δενδρέων
981 3723 1109 3796 multis
1126 3724 1227 3798 locis.
1273 3749 1403 3819 quam-

266 3877 376 3946 quam
395 3853 610 3948 ambiguum
628 3860 683 3926 eat
700 3849 859 3946 pluralia
875 3852 967 3924 haec
984 3877 1007 3922 a
1028 3850 1181 3949 δένδρεον
1206 3854 1403 3926 descende-

264 3981 342 4054 rint
359 4005 406 4052 an
425 3983 471 4052 ab
496 3978 640 4079 δένδρος,
668 3981 766 4073 quod
791 3978 904 4052 semel
923 3979 1061 4074 legitur
1082 3977 1108 4050 Z
1129 3982 1188 4061 79,
1214 3980 1401 4075 semelque

265 4107 415 4206 δένδρεσι
433 4107 465 4178 Β
483 4108 565 4182 138.
598 4107 727 4181 tertiae
745 4107 906 4203 denique
924 4108 1060 4204 speciei
1078 4131 1172 4203 quae
1190 4117 1246 4182 eat
1263 4107 1400 4206 δένδρον

266 4238 338 4308 duo
362 4234 534 4332 exempla
558 4238 594 4309 A
618 4237 699 4309 193.
728 4234 849 4308 Γ107
879 4260 956 4309 non
984 4249 1080 4332 nego
1103 4233 1212 4311 facile
1238 4237 1401 4330 potarisae

265 4390 286 4436 e
304 4362 456 4462 δένδρεον
475 4363 534 4438 vel
549 4361 685 4463 δένδρος
698 4363 897 4459 corrumpi,
913 4366 977 4436 aed
989 4373 1160 4459 oorrupta
1176 4389 1255 4438 ease
1272 4389 1402 4459 reapse

265 4493 304 4564 id
322 4516 408 4566 vero
432 4494 613 4567 incertum
633 4501 697 4566 est.
743 4515 813 4566 nec
830 4493 1008 4566 assentior
1028 4494 1103 4565 iam
1120 4493 1301 4567 Bredorio
1318 4491 1402 4564 vul-
