3175 5092
665 330 810 388 Praefatio.
1228 347 1312 394 ml

175 507 315 584 talibus
333 508 449 604 igitur
467 517 542 582 tam
560 506 687 582 multis
706 516 855 602 tamque
872 508 982 582 variis
1000 530 1110 579 sanae
1127 505 1313 578 doctrinae

174 635 359 710 fructibus
373 637 405 710 si
416 646 611 712 contentus
626 637 768 732 ingenii
781 643 1019 731 temperasset
1028 634 1199 728 impetui,
1212 634 1313 706 haud

177 766 290 840 dubie
309 767 406 840 inter
423 789 485 838 eos
500 766 565 860 qui
578 767 623 840 de
636 765 826 842 Herodoto
840 767 936 838 benc
949 786 1113 837 meruere
1125 763 1315 858 egregium

178 895 362 968 obtineret
392 893 526 968 locum.
594 896 659 968 sed
695 895 783 966 dum
822 891 944 966 tinore
979 893 1139 988 quodam
1166 893 1243 964 ruit
1272 917 1316 963 uc

178 1023 295 1098 saevit
325 1023 366 1096 in
394 1022 476 1117 ipsu
500 1047 591 1098 sana
614 1022 782 1116 nihilque
815 1030 996 1116 suspecta,
1028 1031 1065 1093 et
1095 1018 1196 1104 laudi
1227 1043 1316 1092 snae

178 1152 290 1246 plane
314 1148 428 1227 officit
451 1161 490 1226 et
515 1152 586 1246 ipsi
610 1151 680 1226 arti
704 1159 867 1226 moveret
888 1150 1078 1236 invidiam,
1101 1150 1133 1221 si
1151 1149 1243 1223 haec
1260 1173 1317 1220 ars

180 1291 276 1354 esset
298 1278 421 1374 potius
443 1280 597 1354 dicenda
618 1303 729 1374 qnam
751 1277 943 1353 exsultans
960 1279 1141 1372 quaedam
1156 1275 1316 1364 lascivia,

181 1411 374 1484 immemor
398 1407 464 1482 ille
489 1406 600 1502 plene
623 1417 688 1482 aut
709 1408 870 1494 nescius,
896 1409 995 1503 quod
1019 1415 1240 1501 conquestus
1261 1415 1319 1479 est

182 1538 333 1632 quidem
350 1537 451 1610 hand
468 1537 650 1612 immerito
668 1537 709 1612 in
721 1561 832 1611 causa
844 1536 994 1631 dispari,
1007 1522 1189 1630 ‘improbe
1199 1533 1319 1608 facere

183 1667 314 1760 quiin
340 1664 462 1740 alieno
487 1665 584 1738 libro
608 1665 823 1761 ingeniosus
846 1654 969 1740 esset'.
1027 1688 1096 1736 nec
1121 1665 1319 1736 meminere

183 1819 303 1888 nuper
321 1796 517 1866 admodum
541 1803 614 1868 tres
636 1795 806 1889 homines
821 1793 964 1880 Batavi,
992 1815 1147 1885 quorum
1174 1792 1320 1886 quidem

184 1933 222 1996 et
235 1923 439 1996 doctrinam
450 1922 608 1996 mmnor
621 1932 659 1996 et
671 1925 786 2020 probo
799 1922 1030 2008 industriam,
1042 1923 1107 1994 sed
1120 1922 1186 2016 qui
1197 1921 1237 1991 in
1250 1921 1321 1991 hoc

184 2051 359 2145 scriptore
377 2075 507 2144 parum
525 2052 686 2124 modeste
712 2077 754 2124 ac
779 2050 885 2124 nullo
901 2049 1015 2124 ferme
1040 2051 1116 2125 sive
1140 2052 1187 2121 ad
1211 2051 1322 2121 corri-

184 2181 348 2274 gendum
376 2179 453 2253 sive
475 2181 522 2254 ad
547 2179 824 2274 explanandum
847 2177 971 2252 fructu
994 2203 1190 2253 exercuere
1215 2180 1320 2253 vires.

187 2319 225 2381 et
242 2309 377 2382 horum
399 2307 548 2400 quidem
565 2298 867 2382 ‘emendationes'
895 2309 977 2402 ipsa
1000 2307 1240 2381 multitudine
1261 2331 1323 2378 su-

187 2445 329 2530 spectas
355 2435 462 2508 licuit
493 2443 637 2530 praeter
669 2460 804 2530 paucas
838 2439 1013 2530 quasdam
1041 2435 1255 2531 neglegere,
1286 2443 1325 2506 et

189 2588 315 2638 vereor
339 2573 383 2636 ut
403 2563 491 2658 ipsis
513 2563 624 2638 etiam
648 2588 749 2638 nunc
770 2565 857 2636 satis
881 2564 1069 2659 placeant:
1104 2563 1208 2636 illius
1227 2586 1325 2636 com-
1467 2660 1469 2663 Ι

189 2702 316 2766 menta
332 2716 408 2765 non
426 2692 614 2787 potuimus
639 2715 705 2787 pro
729 2692 890 2766 instituti
907 2693 1021 2765 nostri
1036 2693 1178 2766 ratione
1197 2717 1326 2787 quam·

190 2821 245 2894 vis
269 2845 442 2917 magnam
468 2831 608 2915 purtem
638 2819 761 2896 futilia
789 2845 864 2894 non
895 2845 1194 2894 commemorare:
1232 2845 1326 2915 quae

183 2925 238 3024 'ne
255 2973 401 3044 prorsus
420 2951 498 3022 sinc
516 2949 676 3024 utilitate
692 2951 836 3022 chartas
848 2948 1094 3044 impleverint,
1107 2952 1327 3024 documento

192 3101 268 3152 esse
286 3077 444 3152 velimus
461 3087 642 3172 quantum
659 3077 760 3165 olim,
772 3079 814 3152 in
826 3079 896 3151 hoc
908 3078 1123 3173 pracsertim
1140 3080 1327 3174 scriptore,

194 3206 307 3280 satius
339 3206 386 3280 sit
417 3207 598 3282 abstinere
629 3232 741 3301 quam
771 3206 913 3302 nugari.
975 3209 1022 3281 de
1051 3216 1172 3281 aetate
1202 3218 1328 3281 autem
1450 3257 1452 3260 >

194 3333 355 3408 hominis
379 3359 454 3410 non
479 3335 578 3410 ultra
602 3335 789 3410 saeculum
814 3335 1069 3410 duodecimum
1093 3336 1330 3430 deprimenda

194 3442 335 3538 certum
353 3463 531 3539 indicium
547 3473 603 3538 est
619 3466 718 3558 quod
734 3471 879 3559 praeter
895 3464 987 3538 alios
999 3465 1218 3538 Erntathius
1235 3489 1330 3537 non-

195 3617 378 3688 nusquam
398 3592 438 3664 in
461 3593 730 3666 commentariis
754 3593 972 3682 Homericis
997 3603 1177 3689 perpetuo
1205 3604 1328 3666 antem

195 3721 234 3796 iu
249 3719 481 3815 Dionysiada
505 3744 593 3795 usus
617 3730 675 3796 est
699 3721 872 3817 exemplo
889 3725 936 3796 ad
955 3722 1066 3795 huius
1082 3722 1342 3796 recensionem

196 3849 405 3944 perscripto.
448 3851 494 3924 ad
510 3850 670 3924 codicem
688 3857 812 3924 autem
830 3860 873 3922 ut
889 3850 962 3922 iam
979 3851 1181 3936 redeamus,
1203 3875 1332 3944 quam-

195 3979 249 4052 vis
273 3978 322 4052 sit
345 3976 412 4056 ille
436 3987 474 4052 et
499 3977 782 4073 interpolatione
807 3978 1015 4052 correctoris
1039 3985 1077 4051 et
1100 3977 1331 4052 librariorum

198 4107 347 4202 stupida
376 4107 560 4182 interdum
598 4107 761 4180 socordia
794 4109 842 4181 ab
873 4106 1044 4202 exemplo
1073 4105 1140 4178 illc
1170 4109 1268 4202 quod
1299 4105 1332 4179 Ψ

199 4235 356 4310 diximus
369 4243 546 4324 mutatu,
561 4245 697 4322 tumen,
711 4236 802 4331 quin
818 4237 865 4310 ab
882 4235 1034 4310 alterius
1052 4236 1259 4308 correctoria
1274 4233 1332 4332 (0)

200 4363 456 4443 curationibus
486 4363 597 4457 plane
628 4387 764 4438 vacuus
794 4362 943 4437 relictus
973 4373 1045 4452 est,
1084 4361 1244 4438 efficitm
1277 4374 1332 4450 ut,

202 4493 379 4590 quidqud
396 4491 509 4568 ABR
534 4492 699 4570 codicum
716 4492 913 4566 coniuncta
941 4492 1017 4565 fide
1044 4500 1264 4586 praestetur,
1295 4491 1334 4562 id
