3175 5092
255 369 337 414 xxvl
748 350 894 405 Praelatio.

257 549 404 620 quoque
432 523 586 612 formas,
613 550 767 621 quarum
791 527 982 621 primitiva
1006 527 1144 621 positio
1167 537 1264 602 esset
1288 529 1328 600 in
1349 553 1391 598 αο

257 653 317 728 vel
337 679 408 736 αου,
437 679 512 726 non
532 664 606 726 tam
629 655 725 727 ineo
751 678 862 750 quam
886 656 928 726 in
951 680 998 726 εω
1022 656 1213 730 dilatavit:
1250 659 1393 752 quode

257 805 390 878 genere
408 792 446 857 et
464 783 654 856 temerario
668 791 706 856 et
719 807 865 856 omnem
878 782 988 856 illum
1000 784 1123 857 locum
1136 784 1393 880 perdifficilem

259 912 377 1006 magis
399 912 511 984 etiam
529 911 763 1006 pertinbanti
787 911 956 1006 pluribus
982 912 1071 986 alibi
1096 915 1249 987 dicetur.
1295 915 1393 985 idem

259 1042 358 1136 quod
372 1049 612 1135 augmentum
631 1043 728 1135 quod
746 1050 897 1115 vocatur
921 1041 1121 1136 temporale
1145 1043 1187 1115 in
1204 1041 1395 1114 nonnullis

261 1170 381 1242 verbis
406 1170 582 1241 omissum
607 1171 719 1256 vidit,
753 1169 942 1265 postulare
966 1171 1019 1243 sio
1043 1170 1191 1243 dialecti
1214 1172 1395 1243 rationem

260 1307 374 1384 ratus,
392 1299 432 1370 in
452 1296 534 1369 aliis
553 1298 615 1369 hio
633 1297 713 1370 illio
734 1322 801 1371 auo
820 1299 999 1372 arbitratu
1015 1299 1176 1372 sustulit.
1222 1301 1311 1371 hinc
1328 1298 1397 1370 illa

263 1426 354 1523 ἄγον,
384 1423 590 1520 ἀπελόμεθα,
619 1424 791 1524 ἐξεγέρθη,
821 1425 1031 1526 συνενείχθη,
1063 1425 1146 1526 ἔρξε,
1174 1424 1307 1499 ἕποντο.
1358 1438 1397 1499 et

263 1555 353 1627 haec
372 1554 521 1647 quidem
540 1555 579 1625 in
598 1553 769 1641 dialecto,
793 1554 903 1648 plura
927 1555 1040 1628 etiam
1067 1555 1107 1628 in
1126 1557 1208 1650 ipsa
1231 1556 1397 1628 oratione

265 1691 456 1756 versantur
473 1682 532 1756 vel
551 1682 773 1756 vindicanda
790 1685 837 1756 ab
859 1685 1003 1756 mendis
1021 1684 1080 1757 vel
1104 1686 1150 1755 ad
1168 1683 1397 1756 subtiliorem

263 1811 598 1907 elegantioremque
616 1812 775 1906 speciem
802 1810 1033 1906 expolienda.
1079 1822 1117 1886 et
1139 1815 1273 1886 menda
1297 1813 1398 1884 haud

263 1943 375 2016 dubie
399 1941 539 2014 exemit
563 1963 646 2012 curn
671 1941 819 2035 scripsit
843 1965 864 2012 e
890 1940 1099 2013 coniectura
1124 1943 1161 2014 A
1179 1941 1226 2013 30
1246 1949 1309 2041 γῆν
1331 1965 1399 2035 pro

263 2076 335 2170 την,
367 2071 414 2142 82
442 2067 659 2142 ὑπελείποντο
684 2093 750 2164 pro
776 2067 986 2152 ὑπελίποντο,
1019 2065 1116 2142 E75
1140 2068 1400 2168 παραλυομένου

264 2224 331 2294 pro
348 2195 625 2296 παραλυομένων,
647 2193 677 2267 Η
696 2197 768 2270 130
788 2195 934 2294 ῥεέθρων
953 2221 1019 2292 pro
1037 2197 1187 2296 ῥέεθρον.
1228 2205 1401 2291 reeteque

266 2336 305 2402 et
322 2325 511 2422 supplevit
540 2324 760 2421 particulam
792 2323 824 2397 B
855 2325 926 2398 125
953 2323 1109 2423 λελέχθω
1131 2326 1195 2424 γάρ
1227 2334 1265 2398 et
1292 2325 1402 2398 eiecit

268 2453 295 2528 Α
317 2457 366 2529 94
384 2457 438 2527 καὶ
456 2453 652 2554 καταβῆναι.
699 2463 737 2526 at
762 2477 874 2548 quam
898 2464 956 2527 est
979 2453 1111 2526 talium
1128 2477 1303 2527 numerus
1321 2454 1402 2528 exi-

265 2609 360 2682 guus
384 2607 472 2678 prae
497 2580 737 2655 multitudine
761 2582 952 2655 inutilium
979 2584 1173 2655 autetiam
1191 2607 1400 2678 pravorum.

267 2719 312 2788 de
331 2714 467 2808 quibus
486 2720 529 2784 ut
546 2712 708 2786 breviter
725 2710 924 2798 absolvam,
949 2711 1106 2783 immisit
1122 2709 1228 2783 nulla
1245 2712 1404 2784 necessi-

267 2853 343 2918 tate
361 2846 407 2916 de
426 2864 493 2914 suo
511 2839 708 2912 articulum
731 2837 765 2913 B
788 2842 860 2914 125
876 2841 911 2911 al
930 2843 1090 2937 μηχαναί,
1119 2837 1146 2910 Γ
1164 2841 1213 2912 27
1232 2839 1354 2918 πάντες
1372 2840 1404 2908 οἱ

269 2969 451 3071 Αἰγύπτιοι,
480 2971 528 3042 68
548 2969 565 3040 ὁ
586 2965 788 3070 Καμβύσης,
819 2967 846 3040 Δ
866 2971 914 3042 89
933 2965 998 3040 ἀνὰ
1022 2969 1079 3038 τὸν
1102 2970 1264 3061 ποταμόν,
1293 2965 1320 3038 Ζ
1338 2961 1405 3039 sot

268 3102 304 3183 ές
320 3103 381 3198 την
400 3097 571 3197 Σπάρτην,
592 3095 618 3169 Θ
641 3100 712 3171 166
731 3098 750 3168 θ
766 3085 984 3196 Ἑρμότιμος,
1005 3093 1020 3166 1
1040 3096 1062 3167 8
1082 3082 1340 3191 θἈλέΕανθρος,
1353 3135 1406 3146 -

269 3251 471 3326 pronomen
495 3223 570 3300 Β8
596 3227 652 3298 τὸν
678 3225 927 3322 αὐτὸντρόπον
954 3223 1021 3292 τὸν
1050 3226 1120 3302 καί,
1148 3219 1242 3293 Γ98
1261 3220 1404 3318 φλοΐνην

269 3362 323 3460 ἤν,
335 3381 383 3430 ne
391 3358 511 3430 ionice
524 3355 685 3450 quidem,
701 3353 822 3450 -ηάρ
842 3347 932 3423 Β94
942 3346 984 3420 τὰ
995 3347 1058 3446 γὰρ
1072 3347 1107 3420 έν
1117 3336 1277 3445 Ἕλλησι,
1294 3345 1405 3421 Δ119

269 3485 370 3582 ὁμὲν
389 3482 451 3582 γὰρ
469 3482 633 3566 Γελωνός,
653 3523 705 3535 -
719 3505 756 3551 τε
781 3470 872 3551 666
890 3473 1034 3575 Τηνίους
1050 3499 1086 3548 τε
1105 3480 1169 3559 καί,
1193 3515 1236 3528 -
1253 3479 1309 3547 καί
1327 3473 1401 3548 141

269 3613 397 3688 πολλὸν
416 3611 525 3684 δὲκαὶ
543 3607 696 3710 ἄργυρον,
723 3609 884 3703 denique
908 3605 969 3678 vel
986 3603 1134 3700 singula
1149 3603 1340 3691 vocabula,
1366 3614 1408 3676 ut

272 3744 298 3817 Γ
318 3744 365 3816 28
385 3739 516 3840 φορέει,
544 3736 571 3809 Δ
594 3739 664 3812 184
684 3737 780 3816 ὁδοῦ,
816 3734 872 3807 17
893 3734 965 3816 έόν,
997 3732 1057 3807 vel
1080 3732 1190 3828 plura
1214 3740 1258 3804 ut
1280 3729 1312 3803 B
1335 3734 1406 3805 122

272 3873 339 3946 εἴτε
365 3857 408 3940 δι’
439 3865 523 3940 ἄλλο
549 3891 590 3938 τι.
651 3866 810 3938 mutavit
840 3887 949 3959 porro
979 3872 1186 3957 temporum
1214 3861 1407 3944 rationem,

271 3999 375 4074 velut
398 3995 549 4093 ἐγένοντο
577 4017 644 4090 pro
670 3994 817 4092 ἐγίνοντο
846 3989 1064 4065 Α31.1”15.
1099 3987 1237 4062 3103.
1274 3985 1408 4075 0108,

272 4127 413 4203 ἐκάλεσε
426 4147 493 4220 pro
507 4123 626 4196 ἐκάλεε
640 4122 667 4196 Γ
682 4124 744 4210 27,
763 4121 908 4194 ἕστασαν
923 4143 989 4215 pro
1003 4119 1149 4218 έοτηααν
1168 4115 1183 4188 l
1205 4119 1264 4204 18,
1283 4125 1409 4189 eontra

274 4255 451 4349 ἀπέπεμπε
476 4277 543 4348 pro
568 4247 746 4348 ἀπέπεμψε
771 4248 798 4321 Γ
824 4250 884 4322 21.
945 4257 1001 4321 est
1027 4247 1140 4322 etiam
1164 4247 1232 4318 ubi
1257 4245 1410 4318 invertit

274 4386 439 4459 ordinem
454 4383 648 4457 verboram
662 4389 851 4474 tamquam
864 4377 988 4450 minus
1003 4385 1131 4470 aptum
1145 4371 1185 4469 (Δ
1198 4375 1259 4446 48.
1275 4369 1307 4445 Η
1324 4373 1407 4447 176.

275 4515 299 4592 Θ
330 4514 425 4612 107).
488 4537 510 4584 e
534 4509 679 4607 reliquo
704 4509 778 4580 iam
808 4507 1099 4580 coniecturarum
1126 4525 1279 4576 numero
1308 4502 1410 4575 haud
