3175 5092
648 291 847 358 -Δ-
1254 293 1315 355 441

180 471 198 540 ί)
227 467 391 566 ἀδελφεὸς
413 463 600 566 Ἀλίαρχος
624 465 814 566 ἀποπνίγει,
846 456 1033 566 Ἀλίαρχον
1063 467 1101 539 δέ
1128 470 1151 566 ἡ
1179 469 1263 564 γυνὴ
1293 469 1318 563 ἡ

175 583 383 684 Ἀρκεσίλεω
402 587 491 684 δόλῳ
511 593 638 672 κτείνει,
667 592 710 687 τῇ
737 588 867 683 οίίνομα
891 589 934 686 ην
954 581 1097 684 Ἐρυξώ.
1144 586 1315 665 διεδέξατο
1328 597 1380 656 161

180 707 218 780 δέ
236 709 298 805 τήν
318 705 501 807 βασιληίην
520 714 581 779 τοῦ
596 699 803 807 Ἀρκεσίλεω
828 707 846 778 δ
870 711 949 786 παῖς
967 703 1107 790 Βάττος,
1139 705 1254 802 χωλός
1279 731 1316 778 τε

181 827 246 898 ε’ῶν
273 827 327 898 καί
354 827 413 898 υδκ
440 824 609 926 ἀρτίπους.
671 827 702 898 οί
728 826 765 900 δέ
795 824 982 924 Κυρηναῖοι
1010 829 1095 923 πρὸς
1123 829 1184 924 την
1213 849 1316 897 κατα·

146 945 351 1046 ελαβοῶσαν
387 947 563 1044 συμφορὴν
599 944 750 1040 ἔπεμπον
782 945 818 1025 ές
849 943 1001 1042 Δελφοὺς
1031 944 1316 1044 ἐπειρησομένους

181 1065 294 1136 ὅντινα
321 1068 444 1163 τράπον
469 1066 760 1164 καταστησάμενοι
784 1063 945 1138 κάλλιστα
970 1061 1009 1137 ἀν
1035 1064 1184 1136 οίκέοιεν.
1230 1066 1253 1162 η
1280 1062 1317 1136 δέ

182 1185 292 1282 ίίυδίη
329 1183 462 1257 ἐκέλευε
489 1184 527 1256 έκ
554 1181 748 1283 Μαντινέης
781 1192 843 1284 τῆς
865 1172 1043 1282 Ἀρκάδων
1072 1193 1317 1285 καταρτιστῆρα

181 1303 377 1402 ἀγαγέσθαι.
424 1303 535 1376 αἴτεον
554 1303 601 1374 ῶν
622 1303 653 1375 οί
673 1301 872 1403 Κυρηναῖοι,
900 1307 954 1374 καί
978 1305 1009 1374 οί
1029 1299 1212 1384 Μαντινέες
1237 1302 1316 1374 έδο·

180 1451 242 1499 σαν
263 1422 368 1522 ἄνδρα
386 1429 451 1494 τῶν
471 1421 582 1496 ἀστῶν
603 1425 841 1518 δοκιμώτατον,
861 1424 911 1518 τῷ
925 1422 1053 1517 οὔνομα
1070 1425 1113 1521 ῆν
1134 1420 1315 1521 Δημῶναξ.

131 1569 163 1619 νυ
182 1543 279 1624 οὗτος
310 1541 483 1642 ὧνιὼνηρ
515 1541 716 1637 ἀπικόμενος
749 1542 784 1622 ές
816 1544 878 1638 την
912 1539 1075 1640 Κυρήνην
1109 1546 1163 1616 καί
1197 1542 1316 1636 μαθὼν

181 1663 308 1736 ἕκαστα
334 1669 434 1734 τοῦτο
460 1662 520 1757 μέν
547 1663 727 1762 τριφύλους
745 1663 889 1760 ἐποίησέ
914 1687 1035 1757 σφεας,
1067 1663 1150 1761 τῇδε
1178 1661 1315 1741 διαθείς.

182 1783 338 1880 ίίηραίων
359 1781 419 1877 μὲν
440 1783 495 1854 καί
513 1789 580 1854 τῶν
597 1786 776 1880 περιοίκων
798 1786 876 1876 μίαν
897 1784 1016 1880 μοῖραν
1036 1781 1187 1880 ἐποίησε,
1208 1779 1318 1878 ἀλλην

181 1901 217 1974 δέ
237 1900 522 2001 Πελοποννησίων
543 1904 598 1974 καί
618 1899 775 2000 Κρητῶν,
805 1906 919 2000 τρίτην
948 1898 985 1973 δέ
1009 1901 1205 1999 νησιωτέων
1232 1899 1316 1972 πάν-

180 2047 257 2094 των.
297 2027 396 2092 τοῦτο
415 2022 453 2094 δὲ
469 2024 520 2118 τῷ
539 2021 672 2123 βασιλέι
689 2019 814 2118 Βάττῳ
839 2021 981 2115 τεμένεα
1004 2021 1127 2102 ἐξελῶν
1154 2023 1210 2092 καὶ
1236 2022 1314 2119 ίρω-

130 2167 162 2217 15
181 2142 291 2222 σύνας,
309 2137 350 2210 τά
366 2138 453 2212 ἄλλα
468 2142 578 2214 πάντα
593 2137 634 2211 τὰ
649 2143 811 2239 πρότερον
827 2139 919 2240 εἶχον
938 2144 969 2212 οί
986 2139 1141 2242 βασιλέες
1160 2139 1195 2221 ἐς
1213 2139 1317 2235 μέσον

179 2260 346 2358 τῷδήμῳ
364 2258 480 2358 ἔθηκε.

252 2371 335 2451 Ἐπί
355 2371 416 2472 μέν
436 2379 478 2479 δὴ
498 2381 615 2452 τούτου
633 2385 693 2452 τοῦ
711 2377 845 2453 Βάττου
863 2379 952 2453 οὕτω
970 2381 1115 2454 διετέλεε
1133 2380 1241 2462 έάντα,
1262 2377 1384 2454 έπὶ162

180 2496 218 2572 δέ
246 2504 305 2572 τοῦ
332 2500 451 2570 τούτου
477 2497 596 2580 παιδδς
614 2493 825 2597 Ἀρκεσίλεω
850 2500 964 2599 πολλὴ
989 2505 1124 2601 ταραχὴ
1152 2502 1318 2598 περὶτῶν

180 2619 304 2713 τιμέων
330 2618 473 2717 ἐγένετο.
514 2605 741 2718 Ἀρκεσίλεως
768 2616 831 2719 γὰρ
856 2620 874 2690 δ
898 2617 1030 2692 Βάττου
1054 2645 1090 2694 τε
1116 2625 1175 2692 τοῦ
1200 2619 1317 2718 χωλοῦ

128 2765 162 2814 νυ
180 2741 235 2810 καὶ
253 2736 443 2836 Φερετίμης
461 2737 520 2808 οὐκ
538 2736 605 2836 ἔφη
634 2735 811 2816 ἀνέξεσθαι
836 2737 921 2811 κατδ
945 2737 986 2810 τά
1004 2740 1022 2810 δ
1041 2735 1226 2821 Μαντινεὺς
1246 2736 1317 2836 Δη-

181 2856 294 2952 μῶναξ
319 2855 424 2940 ἔταξε,
445 2853 535 2928 ἀλλὰ
553 2853 691 2930 ἀπαίτεε
708 2856 750 2929 τά
767 2865 836 2928 τῶν
855 2860 1030 2958 προγόνων
1049 2861 1160 2956 γέρεα.
1199 2858 1318 2930 ἐνδεδ-

179 3001 233 3048 τεν
255 2975 444 3058 στασιάζων
466 2975 603 3074 ἑσσῶδη
634 2977 688 3048 καί
715 2974 818 3073 ἔφυγε
842 2976 878 3057 ές
895 2976 1022 3070 Σάμον,
1053 2975 1134 3075 ηδέ
1155 2982 1270 3076 μήτηρ
1288 2979 1320 3048 οί

180 3094 215 3174 ές
232 3093 411 3190 Σαλαμῖνα
428 3103 492 3194 τῆς
510 3092 650 3194 Κύπρου
676 3094 788 3192 ἔφυγε.
835 3104 898 3196 τῆς
922 3094 960 3168 δέ
983 3095 1177 3190 Σαλαμῖνος
1201 3101 1317 3167 τοῦτον

179 3216 234 3286 τδν
256 3217 378 3314 χρόνον
398 3213 578 3314 ἐπεκράτεε
597 3212 772 3298 Εὐέλθων,
801 3215 839 3296 δς
856 3217 895 3286 τδ
914 3215 948 3287 ἐν
968 3213 1129 3312 Δελφοῖσι
1146 3215 1317 3314 θυμιητή-

334 3433 391 3504 περλ
403 3431 504 3488 Βάττου
517 3439 561 3488 τοῦ
573 3434 661 3507 χωλοῦ
767 3434 825 3506 περὶ
836 3431 1011 3557 Δημώνακτος
1022 3441 1068 3490 τοῦ
1082 3433 1230 3495 Μαντινέως

284 3503 340 3572 περὶ
359 3495 524 3574 Ἀρκεσιλάου
546 3502 634 3563 παιδὸς
653 3501 752 3558 Βάττου
770 3509 815 3557 τοῦ
853 3526 874 3556 ω
892 3510 921 3557 οὔ
942 3505 987 3558 καὶ
999 3500 1147 3576 ’Φερετίμης
1263 3504 1320 3575 περὶ

283 3569 434 3632 Εὐίλδωνος
446 3578 491 3626 τοῦ
505 3569 622 3645 Κυπρίου
633 3573 677 3628 καί
688 3579 736 3644 της
749 3575 784 3634 ῶς
796 3521 872 3628 αὐέδν
885 3571 1025 3646 Φερετίμας
1037 3580 1188 3646 καταφυγῆς

183 3697 238 3709 Ἴ..-
412 3697 490 3704 —-

283 3763 324 3814 2⁴.
346 3761 508 3816 Euutathius
521 3761 554 3815 ll.
570 3779 596 3833 p.
613 3764 670 3814 395.
688 3765 761 3816 1098.
796 3763 848 3818 Od.
867 3765 931 3815 1383

233 3901 255 3952 ί.
276 3898 398 3972 άλίαρχος
412 3901 451 3953 Ρι
465 3898 587 3972 αλίαρχος
601 3902 637 3964 Α,
652 3899 774 3973 οίλίαρχος
787 3902 850 3966 130,
865 3899 993 3974 Αλίαργος
1007 3919 1029 3966 ε,
1043 3901 1090 3955 λία
1126 3921 1153 3961 υς
1168 3903 1195 3956 R
1219 3904 1230 3966 ΙΙ
1260 3901 1319 3954 άλί-

178 3985 257 4039 αρχον
278 3967 339 4022 ΟΡι
357 3967 479 4040 αλίαργον
497 3971 537 4031 Α,
560 3969 683 4040 ἀλίαρον
701 3973 743 4034 Β,
763 3969 893 4043 Αλίαρχον
911 3988 940 4036 ε,
958 3964 1071 4043 λίαρχον
1156 3975 1168 4038 ΙΙ
1239 3971 1271 4038 νὴ
1289 3971 1316 4039 ἡ]

177 4038 266 4109 ηυνὴε
301 4039 312 4102 ΙΙ
348 4040 372 4089 3.
393 4027 611 4106 τοῶίτοίιτουτοῦ
650 4039 690 4090 Ιία
726 4041 736 4103 ΙΙ
771 4039 898 4104 δπάῑςε,
918 4057 972 4093 om.
987 4041 1018 4094 R
1051 4043 1063 4106 ΙΙ
1098 4057 1125 4093 τε
1138 4057 1191 4092 om.
1234 4041 1276 4093 Ra
1317 4060 1320 4081 ι

177 4111 202 4160 6.
224 4106 358 4160 οίκέεινΙί
399 4109 410 4172 11
453 4110 477 4159 7.
498 4107 619 4177 μαντίνηε
641 4107 677 4172 0,
700 4114 747 4177 τῆς
767 4108 932 4180 μαντινίηςε
973 4111 984 4174 ΙΙ
1024 4111 1050 4162 9.
1071 4108 1276 4232 δηρίνναξΡΙίε
1311 4114 1320 4175 ί

1082 4195 1131 4249 ’ίΡ

180 4245 439 4299 10.ιίινοηι.ΑΒΟ
476 4247 486 4309 ΙΙ
528 4238 788 4315 άννὴρθ,ὡ’νήρΡε
836 4248 847 4310 ΙΙ
895 4247 935 4299 12.
957 4247 1061 4314 μὲνΙίε
1081 4249 1128 4316 μὲν
1145 4248 1183 4311 Ρ,
1206 4248 1253 4316 μέν
1271 4247 1319 4319 Ιράρ

176 4311 225 4365 reli
245 4311 273 4364 οἱ
308 4314 318 4377 ΙΙ
354 4313 414 4381 μίαν
432 4331 485 4366 om.
503 4313 528 4364 12
563 4316 574 4378 11
611 4313 702 4384 μοίρην
714 4315 782 4366 ΑΒκ
816 4317 828 4380 ΙΙ
872 4316 911 4366 14.
931 4315 1030 4384 βασιλεῖ
1045 4319 1100 4370 ΑΒ
1135 4318 1146 4382 ΙΙ
1182 4315 1319 4381 ίεριασάνας

174 4381 202 4432 R
226 4331 248 4445 (λ
287 4384 326 4434 15.
347 4381 491 4451 βασιλῆεςε
525 4385 536 4447 ΙΙ
575 4383 614 4433 ίῖ.
637 4381 767 4434 ίλάττεωε
799 4384 811 4447 11
848 4384 889 4437 18,
908 4383 1097 4438 τοὺτουτοῶίδ
1128 4387 1140 4451 ΙΙ
1178 4387 1217 4437 ίίλ
1238 4385 1317 4457 άρκε·

176 4450 259 4510 σίλεος
272 4452 358 4505 ABR
380 4454 392 4518 ΙΙ
416 4454 458 4504 20.
479 4450 599 4521 δημώναξ
612 4452 679 4506 ΡΙδτ
704 4454 715 4517 ΙΙ
739 4453 780 4503 24.
801 4451 901 4523 χρόνον]
917 4453 1041 4524 χιῖνρονθ
