<?xml version="1.0" encoding="UTF-8"?>
<!DOCTYPE html PUBLIC "-//W3C//DTD XHTML 1.0 Transitional//EN"
    "http://www.w3.org/TR/xhtml1/DTD/xhtml1-transitional.dtd">
<html xmlns="http://www.w3.org/1999/xhtml" xml:lang="en" lang="en">
 <head>
  <title>
</title>
<meta http-equiv="Content-Type" content="text/html;charset=utf-8" />
  <meta name='ocr-system' content='tesseract 3.04.00' />
  <meta name='ocr-capabilities' content='ocr_page ocr_carea ocr_par ocr_line ocrx_word'/>
</head>
<body>
  <div class='ocr_page' id='page_1' title='image "./herodotihistori01steigoog_0019.png"; bbox 0 0 3175 5092; ppageno 0'>
   <div class='ocr_carea' id='block_1_1' title="bbox 672 341 1317 404">
    <p class='ocr_par' dir='ltr' id='par_1_1' title="bbox 672 341 1317 404">
     <span class='ocr_line' id='line_1_1' title="bbox 672 341 1317 404; baseline -0.002 -9"><span class='ocrx_word' id='word_1_1' title='bbox 672 341 816 396; x_wconf 78' lang='lat' dir='ltr'><strong>Praefatio.</strong></span> <span class='ocrx_word' id='word_1_2' title='bbox 1251 361 1317 404; x_wconf 64' lang='lat'>3111</span> 
     </span>
    </p>
   </div>
   <div class='ocr_carea' id='block_1_2' title="bbox 177 511 1318 997">
    <p class='ocr_par' dir='ltr' id='par_1_2' title="bbox 177 511 1318 997">
     <span class='ocr_line' id='line_1_2' title="bbox 177 511 1316 614; baseline -0.004 -26"><span class='ocrx_word' id='word_1_3' title='bbox 177 517 438 613; x_wconf 84' lang='grc' dir='ltr'>πλουσισδηνοῡ,</span> <span class='ocrx_word' id='word_1_4' title='bbox 465 511 548 614; x_wconf 82' lang='grc' dir='ltr'>παρ’</span> <span class='ocrx_word' id='word_1_5' title='bbox 572 514 674 588; x_wconf 82' lang='grc' dir='ltr'>αὐτοῦ</span> <span class='ocrx_word' id='word_1_6' title='bbox 704 513 910 613; x_wconf 78' lang='grc' dir='ltr'>ἀναχθέντος</span> <span class='ocrx_word' id='word_1_7' title='bbox 937 515 984 595; x_wconf 83' lang='grc' dir='ltr'><strong>είς</strong></span> <span class='ocrx_word' id='word_1_8' title='bbox 1009 512 1157 613; x_wconf 78' lang='grc' dir='ltr'>ἄρχοντα</span> <span class='ocrx_word' id='word_1_9' title='bbox 1174 521 1241 584; x_wconf 83' lang='grc' dir='ltr'>τῶν</span> <span class='ocrx_word' id='word_1_10' title='bbox 1261 513 1316 585; x_wconf 83' lang='grc' dir='ltr'><strong>ἐκ·</strong></span> 
     </span>
     <span class='ocr_line' id='line_1_3' title="bbox 179 628 1317 744; baseline -0.004 -28"><span class='ocrx_word' id='word_1_11' title='bbox 179 645 327 742; x_wconf 80' lang='grc' dir='ltr'>κλησιῶν</span> <span class='ocrx_word' id='word_1_12' title='bbox 354 643 388 716; x_wconf 80' lang='grc' dir='ltr'><strong>ἐν</strong></span> <span class='ocrx_word' id='word_1_13' title='bbox 408 645 452 742; x_wconf 75' lang='grc' dir='ltr'>τῇ</span> <span class='ocrx_word' id='word_1_14' title='bbox 471 628 676 742; x_wconf 75' lang='grc' dir='ltr'>περιυνύριρ</span> <span class='ocrx_word' id='word_1_15' title='bbox 694 652 757 744; x_wconf 73' lang='grc' dir='ltr'>τῆς</span> <span class='ocrx_word' id='word_1_16' title='bbox 775 648 906 743; x_wconf 70' lang='grc' dir='ltr'>κρήτης</span> <span class='ocrx_word' id='word_1_17' title='bbox 922 647 1029 743; x_wconf 74' lang='grc' dir='ltr'>νήσῳ.</span> <span class='ocrx_word' id='word_1_18' title='bbox 1071 643 1220 741; x_wconf 77' lang='grc' dir='ltr'>περιέχει</span> <span class='ocrx_word' id='word_1_19' title='bbox 1239 639 1317 739; x_wconf 74' lang='grc' dir='ltr'>δὲὴ</span> 
     </span>
     <span class='ocr_line' id='line_1_4' title="bbox 179 768 1318 874; baseline -0.004 -31"><span class='ocrx_word' id='word_1_20' title='bbox 179 771 298 874; x_wconf 79' lang='grc' dir='ltr'>βίβλος</span> <span class='ocrx_word' id='word_1_21' title='bbox 324 769 408 870; x_wconf 79' lang='grc' dir='ltr'>αὕτη</span> <span class='ocrx_word' id='word_1_22' title='bbox 437 770 550 871; x_wconf 78' lang='grc' dir='ltr'><strong>βιβλία</strong></span> <span class='ocrx_word' id='word_1_23' title='bbox 575 769 626 843; x_wconf 73' lang='grc' dir='ltr'>κδ’</span> <span class='ocrx_word' id='word_1_24' title='bbox 654 777 720 842; x_wconf 86' lang='grc' dir='ltr'>τῶν</span> <span class='ocrx_word' id='word_1_25' title='bbox 747 778 861 868; x_wconf 81' lang='grc' dir='ltr'>σοφῶν</span> <span class='ocrx_word' id='word_1_26' title='bbox 887 773 1014 844; x_wconf 85' lang='grc' dir='ltr'>τούτων</span> <span class='ocrx_word' id='word_1_27' title='bbox 1040 768 1188 867; x_wconf 80' lang='grc' dir='ltr'>ἀνδρῶν·</span> <span class='ocrx_word' id='word_1_28' title='bbox 1220 768 1318 842; x_wconf 79' lang='grc' dir='ltr'>ἐννέα</span> 
     </span>
     <span class='ocr_line' id='line_1_5' title="bbox 180 886 1315 997; baseline -0.001 -27"><span class='ocrx_word' id='word_1_29' title='bbox 180 898 242 994; x_wconf 82' lang='grc' dir='ltr'><strong>μὲν</strong></span> <span class='ocrx_word' id='word_1_30' title='bbox 263 886 466 997; x_wconf 81' lang='grc' dir='ltr'>Ἡροδότου,</span> <span class='ocrx_word' id='word_1_31' title='bbox 497 895 697 971; x_wconf 81' lang='grc' dir='ltr'>Θουκυδίδου</span> <span class='ocrx_word' id='word_1_32' title='bbox 724 888 754 969; x_wconf 80' lang='grc' dir='ltr'>δ’</span> <span class='ocrx_word' id='word_1_33' title='bbox 786 897 872 971; x_wconf 84' lang='grc' dir='ltr'>ὀκτὼ</span> <span class='ocrx_word' id='word_1_34' title='bbox 897 899 951 972; x_wconf 84' lang='grc' dir='ltr'><strong>καί</strong></span> <span class='ocrx_word' id='word_1_35' title='bbox 977 896 1195 994; x_wconf 75' lang='grc' dir='ltr'>Ξενοφῶντος</span> <span class='ocrx_word' id='word_1_36' title='bbox 1219 895 1315 969; x_wconf 81' lang='grc' dir='ltr'>ἑπτά.</span> 
     </span>
    </p>
   </div>
   <div class='ocr_carea' id='block_1_3' title="bbox 178 1024 1320 2424">
    <p class='ocr_par' dir='ltr' id='par_1_3' title="bbox 178 1024 1318 1394">
     <span class='ocr_line' id='line_1_6' title="bbox 178 1024 1318 1142; baseline -0.003 -26"><span class='ocrx_word' id='word_1_37' title='bbox 178 1042 247 1116; x_wconf 78' lang='grc' dir='ltr'>ἔτει</span> <span class='ocrx_word' id='word_1_38' title='bbox 266 1039 333 1116; x_wconf 86' lang='grc' dir='ltr'>άπδ</span> <span class='ocrx_word' id='word_1_39' title='bbox 350 1047 489 1140; x_wconf 83' lang='grc' dir='ltr'>χριστοῦ</span> <span class='ocrx_word' id='word_1_40' title='bbox 512 1041 614 1138; x_wconf 51' lang='grc' dir='ltr'>,αυξδ</span> <span class='ocrx_word' id='word_1_41' title='bbox 638 1024 930 1142; x_wconf 50' lang='grc' dir='ltr'>ίνδικτιῶνος-γης.</span> <span class='ocrx_word' id='word_1_42' title='bbox 975 1043 1016 1114; x_wconf 91' lang='lat' dir='ltr'><strong>in</strong></span> <span class='ocrx_word' id='word_1_43' title='bbox 1033 1043 1104 1114; x_wconf 93' lang='lat' dir='ltr'><strong>hoc</strong></span> <span class='ocrx_word' id='word_1_44' title='bbox 1128 1042 1318 1114; x_wconf 83' lang='lat' dir='ltr'><strong>excutien-</strong></span> 
     </span>
     <span class='ocr_line' id='line_1_7' title="bbox 178 1169 1318 1266; baseline -0.002 -22"><span class='ocrx_word' id='word_1_45' title='bbox 178 1174 226 1244; x_wconf 89' lang='lat' dir='ltr'><strong>do</strong></span> <span class='ocrx_word' id='word_1_46' title='bbox 257 1172 501 1244; x_wconf 88' lang='lat' dir='ltr'><strong>commodavit</strong></span> <span class='ocrx_word' id='word_1_47' title='bbox 530 1173 625 1244; x_wconf 93' lang='lat' dir='ltr'><strong>mihi</strong></span> <span class='ocrx_word' id='word_1_48' title='bbox 655 1195 803 1266; x_wconf 82' lang='lat' dir='ltr'><strong>operam</strong></span> <span class='ocrx_word' id='word_1_49' title='bbox 839 1197 943 1244; x_wconf 88' lang='lat' dir='ltr'><strong>suam</strong></span> <span class='ocrx_word' id='word_1_50' title='bbox 978 1195 1066 1243; x_wconf 86' lang='lat' dir='ltr'><strong>sene</strong></span> <span class='ocrx_word' id='word_1_51' title='bbox 1101 1169 1318 1266; x_wconf 75' lang='lat' dir='ltr'><strong>diligentem</strong></span> 
     </span>
     <span class='ocr_line' id='line_1_8' title="bbox 179 1297 550 1394; baseline -0.005 -21"><span class='ocrx_word' id='word_1_52' title='bbox 179 1301 362 1394; x_wconf 77' lang='lat' dir='ltr'><strong>Iosephus</strong></span> <span class='ocrx_word' id='word_1_53' title='bbox 379 1297 550 1372; x_wconf 86' lang='lat' dir='ltr'><strong>Mueller.</strong></span> 
     </span>
    </p>

    <p class='ocr_par' dir='ltr' id='par_1_4' title="bbox 179 1426 1320 2424">
     <span class='ocr_line' id='line_1_9' title="bbox 284 1426 1319 1523; baseline -0.003 -23"><span class='ocrx_word' id='word_1_54' title='bbox 284 1430 319 1500; x_wconf 88' lang='lat'><strong>8.</strong></span> <span class='ocrx_word' id='word_1_55' title='bbox 340 1452 362 1522; x_wconf 81' lang='lat' dir='ltr'><em>q</em></span> <span class='ocrx_word' id='word_1_56' title='bbox 393 1427 582 1500; x_wconf 70' lang='lat' dir='ltr'>Parisinus</span> <span class='ocrx_word' id='word_1_57' title='bbox 601 1426 847 1502; x_wconf 75' lang='lat' dir='ltr'><strong>bibliothecae</strong></span> <span class='ocrx_word' id='word_1_58' title='bbox 865 1426 1065 1523; x_wconf 86' lang='lat' dir='ltr'><strong>imperialis</strong></span> <span class='ocrx_word' id='word_1_59' title='bbox 1087 1427 1197 1514; x_wconf 80' lang='lat'><strong>1635,</strong></span> <span class='ocrx_word' id='word_1_60' title='bbox 1214 1430 1319 1498; x_wconf 90' lang='lat' dir='ltr'><strong>bom-</strong></span> 
     </span>
     <span class='ocr_line' id='line_1_10' title="bbox 179 1552 1319 1654; baseline -0.003 -24"><span class='ocrx_word' id='word_1_61' title='bbox 179 1557 347 1654; x_wconf 89' lang='lat' dir='ltr'><strong>bycinus,</strong></span> <span class='ocrx_word' id='word_1_62' title='bbox 365 1552 482 1628; x_wconf 86' lang='lat' dir='ltr'><strong>forma</strong></span> <span class='ocrx_word' id='word_1_63' title='bbox 498 1557 640 1650; x_wconf 87' lang='lat' dir='ltr'><strong>grandi.</strong></span> <span class='ocrx_word' id='word_1_64' title='bbox 682 1559 812 1630; x_wconf 92' lang='lat' dir='ltr'><strong>insunt</strong></span> <span class='ocrx_word' id='word_1_65' title='bbox 828 1567 975 1652; x_wconf 88' lang='lat' dir='ltr'><strong>praeter</strong></span> <span class='ocrx_word' id='word_1_66' title='bbox 991 1557 1222 1630; x_wconf 89' lang='lat' dir='ltr'><strong>Herodotum</strong></span> <span class='ocrx_word' id='word_1_67' title='bbox 1238 1555 1319 1627; x_wconf 88' lang='lat' dir='ltr'><strong>Xe·</strong></span> 
     </span>
     <span class='ocr_line' id='line_1_11' title="bbox 180 1684 1320 1780; baseline -0.002 -24"><span class='ocrx_word' id='word_1_68' title='bbox 180 1685 381 1780; x_wconf 88' lang='lat' dir='ltr'><strong>nophontis</strong></span> <span class='ocrx_word' id='word_1_69' title='bbox 400 1684 627 1780; x_wconf 83' lang='lat' dir='ltr'><strong>Cyropaedia</strong></span> <span class='ocrx_word' id='word_1_70' title='bbox 651 1694 689 1758; x_wconf 89' lang='lat' dir='ltr'><strong>et</strong></span> <span class='ocrx_word' id='word_1_71' title='bbox 711 1687 907 1774; x_wconf 86' lang='lat' dir='ltr'><strong>Anabasis,</strong></span> <span class='ocrx_word' id='word_1_72' title='bbox 933 1687 997 1758; x_wconf 90' lang='lat' dir='ltr'><strong>sed</strong></span> <span class='ocrx_word' id='word_1_73' title='bbox 1019 1687 1112 1757; x_wconf 88' lang='lat' dir='ltr'><strong>haec</strong></span> <span class='ocrx_word' id='word_1_74' title='bbox 1130 1685 1279 1778; x_wconf 91' lang='lat' dir='ltr'><strong>quidem</strong></span> <span class='ocrx_word' id='word_1_75' title='bbox 1297 1708 1320 1754; x_wconf 91' lang='lat' dir='ltr'><strong>a</strong></span> 
     </span>
     <span class='ocr_line' id='line_1_12' title="bbox 181 1814 1320 1908; baseline -0.003 -22"><span class='ocrx_word' id='word_1_76' title='bbox 181 1838 294 1886; x_wconf 89' lang='lat' dir='ltr'><strong>manu</strong></span> <span class='ocrx_word' id='word_1_77' title='bbox 323 1814 528 1886; x_wconf 85' lang='lat' dir='ltr'><strong>recentiori.</strong></span> <span class='ocrx_word' id='word_1_78' title='bbox 586 1823 670 1908; x_wconf 87' lang='lat' dir='ltr'><strong>post</strong></span> <span class='ocrx_word' id='word_1_79' title='bbox 698 1815 931 1888; x_wconf 91' lang='lat' dir='ltr'><strong>Herodotum</strong></span> <span class='ocrx_word' id='word_1_80' title='bbox 961 1815 1086 1886; x_wconf 82' lang='lat' dir='ltr'><strong>statim</strong></span> <span class='ocrx_word' id='word_1_81' title='bbox 1115 1820 1320 1906; x_wconf 87' lang='lat' dir='ltr'><strong>sequuntur</strong></span> 
     </span>
     <span class='ocr_line' id='line_1_13' title="bbox 182 1938 1319 2039; baseline -0.003 -25"><span class='ocrx_word' id='word_1_82' title='bbox 182 1946 291 2039; x_wconf 82' lang='grc' dir='ltr'>στίχοι</span> <span class='ocrx_word' id='word_1_83' title='bbox 309 1941 451 2038; x_wconf 71' lang='grc' dir='ltr'>ἡρωϊκοί</span> <span class='ocrx_word' id='word_1_84' title='bbox 470 1942 543 2013; x_wconf 88' lang='lat' dir='ltr'><strong>duo</strong></span> <span class='ocrx_word' id='word_1_85' title='bbox 563 1951 601 2016; x_wconf 93' lang='lat' dir='ltr'><strong>et</strong></span> <span class='ocrx_word' id='word_1_86' title='bbox 618 1944 754 2038; x_wconf 85' lang='lat' dir='ltr'><strong>viginti</strong></span> <span class='ocrx_word' id='word_1_87' title='bbox 773 1943 883 2038; x_wconf 86' lang='lat' dir='ltr'><strong>plane</strong></span> <span class='ocrx_word' id='word_1_88' title='bbox 899 1941 1044 2028; x_wconf 87' lang='lat' dir='ltr'><strong>insulsi,</strong></span> <span class='ocrx_word' id='word_1_89' title='bbox 1059 1942 1192 2037; x_wconf 89' lang='lat' dir='ltr'><strong>quibus</strong></span> <span class='ocrx_word' id='word_1_90' title='bbox 1206 1938 1319 2012; x_wconf 89' lang='lat' dir='ltr'><strong>libra-</strong></span> 
     </span>
     <span class='ocr_line' id='line_1_14' title="bbox 180 2067 1318 2167; baseline -0.002 -25"><span class='ocrx_word' id='word_1_91' title='bbox 180 2071 256 2142; x_wconf 87' lang='lat' dir='ltr'><strong>rius</strong></span> <span class='ocrx_word' id='word_1_92' title='bbox 271 2068 389 2162; x_wconf 79' lang='lat' dir='ltr'><strong>aliqui</strong></span> <span class='ocrx_word' id='word_1_93' title='bbox 403 2067 491 2141; x_wconf 89' lang='lat' dir='ltr'><strong>olim</strong></span> <span class='ocrx_word' id='word_1_94' title='bbox 505 2094 654 2165; x_wconf 88' lang='lat' dir='ltr'><strong>operam</strong></span> <span class='ocrx_word' id='word_1_95' title='bbox 666 2097 769 2144; x_wconf 83' lang='lat' dir='ltr'><strong>suam</strong></span> <span class='ocrx_word' id='word_1_96' title='bbox 788 2074 824 2145; x_wconf 89' lang='lat' dir='ltr'><strong>ei</strong></span> <span class='ocrx_word' id='word_1_97' title='bbox 842 2074 907 2167; x_wconf 92' lang='lat' dir='ltr'><strong>qui</strong></span> <span class='ocrx_word' id='word_1_98' title='bbox 925 2072 1120 2166; x_wconf 87' lang='lat' dir='ltr'><strong>imperavit</strong></span> <span class='ocrx_word' id='word_1_99' title='bbox 1137 2067 1318 2141; x_wconf 85' lang='lat' dir='ltr'><strong>adulando</strong></span> 
     </span>
     <span class='ocr_line' id='line_1_15' title="bbox 182 2195 1316 2300; baseline 0 -31"><span class='ocrx_word' id='word_1_100' title='bbox 182 2199 429 2270; x_wconf 89' lang='lat' dir='ltr'><strong>commendat:</strong></span> <span class='ocrx_word' id='word_1_101' title='bbox 456 2195 562 2296; x_wconf 80' lang='grc' dir='ltr'>Σήσιν</span> <span class='ocrx_word' id='word_1_102' title='bbox 582 2197 764 2300; x_wconf 77' lang='grc' dir='ltr'>ἐφετμῆσιν</span> <span class='ocrx_word' id='word_1_103' title='bbox 783 2199 951 2272; x_wconf 75' lang='grc' dir='ltr'>θεοείκελα</span> <span class='ocrx_word' id='word_1_104' title='bbox 969 2199 1115 2272; x_wconf 77' lang='grc' dir='ltr'>δέσποτα</span> <span class='ocrx_word' id='word_1_105' title='bbox 1139 2196 1228 2277; x_wconf 66' lang='lat' dir='ltr'><strong>ellac</strong></span> <span class='ocrx_word' id='word_1_106' title='bbox 1246 2196 1316 2269; x_wconf 88' lang='grc' dir='ltr'>κτλ.</span> 
     </span>
     <span class='ocr_line' id='line_1_16' title="bbox 183 2320 1315 2424; baseline -0.004 -26"><span class='ocrx_word' id='word_1_107' title='bbox 183 2327 316 2398; x_wconf 89' lang='lat' dir='ltr'><strong>deinde</strong></span> <span class='ocrx_word' id='word_1_108' title='bbox 335 2325 444 2397; x_wconf 84' lang='lat' dir='ltr'><strong>haec:</strong></span> <span class='ocrx_word' id='word_1_109' title='bbox 472 2320 560 2405; x_wconf 72' lang='grc' dir='ltr'>Δόξα</span> <span class='ocrx_word' id='word_1_110' title='bbox 579 2353 632 2400; x_wconf 88' lang='grc' dir='ltr'><strong>σοι</strong></span> <span class='ocrx_word' id='word_1_111' title='bbox 649 2329 785 2400; x_wconf 81' lang='grc' dir='ltr'>πάντων</span> <span class='ocrx_word' id='word_1_112' title='bbox 802 2326 901 2399; x_wconf 75' lang='grc' dir='ltr'>ἕνεκα</span> <span class='ocrx_word' id='word_1_113' title='bbox 916 2325 1169 2424; x_wconf 84' lang='grc' dir='ltr'>παντοκράτωρι</span> <span class='ocrx_word' id='word_1_114' title='bbox 1202 2323 1207 2422; x_wconf 89' lang='grc' dir='ltr'>Ι</span> <span class='ocrx_word' id='word_1_115' title='bbox 1240 2320 1315 2395; x_wconf 82' lang='grc' dir='ltr'><strong>Τῶν</strong></span> 
     </span>
    </p>
   </div>
   <div class='ocr_carea' id='block_1_4' title="bbox 183 2452 1275 2675">
    <p class='ocr_par' dir='ltr' id='par_1_5' title="bbox 183 2452 1275 2675">
     <span class='ocr_line' id='line_1_17' title="bbox 183 2452 1275 2555; baseline -0.003 -30"><span class='ocrx_word' id='word_1_116' title='bbox 183 2452 382 2553; x_wconf 55' lang='lat' dir='ltr'><strong>conceleres]</strong></span> <span class='ocrx_word' id='word_1_117' title='bbox 401 2458 468 2522; x_wconf 81' lang='grc' dir='ltr'>τῶν</span> <span class='ocrx_word' id='word_1_118' title='bbox 486 2455 600 2528; x_wconf 85' lang='grc' dir='ltr'>καλῶν</span> <span class='ocrx_word' id='word_1_119' title='bbox 618 2456 689 2528; x_wconf 81' lang='grc' dir='ltr'><strong>θεῶ</strong></span> <span class='ocrx_word' id='word_1_120' title='bbox 708 2454 815 2555; x_wconf 89' lang='grc' dir='ltr'>χάρις,</span> <span class='ocrx_word' id='word_1_121' title='bbox 836 2465 948 2550; x_wconf 90' lang='lat' dir='ltr'><strong>atque</strong></span> <span class='ocrx_word' id='word_1_122' title='bbox 967 2456 1058 2527; x_wconf 88' lang='lat' dir='ltr'><strong>haec</strong></span> <span class='ocrx_word' id='word_1_123' title='bbox 1076 2461 1275 2548; x_wconf 84' lang='lat' dir='ltr'><strong>postrema:</strong></span> 
     </span>
     <span class='ocr_line' id='line_1_18' title="bbox 365 2571 1093 2675; baseline -0.015 -21"><span class='ocrx_word' id='word_1_124' title='bbox 365 2571 501 2654; x_wconf 77' lang='lat' dir='ltr'><strong>.²&#39;Greot</strong></span> <span class='ocrx_word' id='word_1_125' title='bbox 517 2575 628 2660; x_wconf 81' lang='grc' dir='ltr'>πέντε,</span> <span class='ocrx_word' id='word_1_126' title='bbox 647 2573 844 2672; x_wconf 77' lang='grc' dir='ltr'>πενταπλῆς</span> <span class='ocrx_word' id='word_1_127' title='bbox 860 2583 925 2675; x_wconf 73' lang='grc' dir='ltr'>τῆς</span> <span class='ocrx_word' id='word_1_128' title='bbox 942 2573 1093 2654; x_wconf 83' lang='grc' dir='ltr'>δεκάδος·</span> 
     </span>
    </p>
   </div>
   <div class='ocr_carea' id='block_1_5' title="bbox 181 2701 1321 4588">
    <p class='ocr_par' dir='ltr' id='par_1_6' title="bbox 385 2701 1070 2802">
     <span class='ocr_line' id='line_1_19' title="bbox 385 2701 1070 2802; baseline -0.001 -27"><span class='ocrx_word' id='word_1_129' title='bbox 385 2705 539 2785; x_wconf 81' lang='grc' dir='ltr'>Ἐννάκις</span> <span class='ocrx_word' id='word_1_130' title='bbox 558 2705 658 2785; x_wconf 80' lang='grc' dir='ltr'>αὖτις,</span> <span class='ocrx_word' id='word_1_131' title='bbox 679 2709 742 2802; x_wconf 77' lang='grc' dir='ltr'>τῆς</span> <span class='ocrx_word' id='word_1_132' title='bbox 759 2707 817 2772; x_wconf 80' lang='grc' dir='ltr'><strong>νῦν</strong></span> <span class='ocrx_word' id='word_1_133' title='bbox 835 2701 1070 2781; x_wconf 80' lang='grc' dir='ltr'>ἑκατοντάδας·</span> 
     </span>
    </p>

    <p class='ocr_par' dir='ltr' id='par_1_7' title="bbox 389 2827 1111 2930">
     <span class='ocr_line' id='line_1_20' title="bbox 389 2827 1111 2930; baseline -0.003 -27"><span class='ocrx_word' id='word_1_134' title='bbox 389 2828 457 2913; x_wconf 85' lang='grc' dir='ltr'><strong>Τὰς</strong></span> <span class='ocrx_word' id='word_1_135' title='bbox 473 2830 635 2930; x_wconf 77' lang='grc' dir='ltr'>χιλιάσδε,</span> <span class='ocrx_word' id='word_1_136' title='bbox 657 2831 716 2902; x_wconf 87' lang='grc' dir='ltr'>σδν</span> <span class='ocrx_word' id='word_1_137' title='bbox 734 2827 858 2927; x_wconf 79' lang='grc' dir='ltr'>διπλῆς</span> <span class='ocrx_word' id='word_1_138' title='bbox 873 2835 937 2927; x_wconf 79' lang='grc' dir='ltr'>τῆς</span> <span class='ocrx_word' id='word_1_139' title='bbox 953 2828 1111 2927; x_wconf 85' lang='grc' dir='ltr'>τριάδος·</span> 
     </span>
    </p>

    <p class='ocr_par' dir='ltr' id='par_1_8' title="bbox 182 2951 1321 3560">
     <span class='ocr_line' id='line_1_21' title="bbox 385 2951 1054 3056; baseline -0.006 -24"><span class='ocrx_word' id='word_1_140' title='bbox 385 2951 604 3039; x_wconf 81' lang='grc' dir='ltr'>’ίνδικτιῶνος</span> <span class='ocrx_word' id='word_1_141' title='bbox 618 2955 787 3036; x_wconf 84' lang='grc' dir='ltr'>πάλινδὶς</span> <span class='ocrx_word' id='word_1_142' title='bbox 803 2965 866 3056; x_wconf 76' lang='grc' dir='ltr'>τῆς</span> <span class='ocrx_word' id='word_1_143' title='bbox 881 2955 1054 3036; x_wconf 75' lang='grc' dir='ltr'>πεντάδος.</span> 
     </span>
     <span class='ocr_line' id='line_1_22' title="bbox 183 3071 1321 3175; baseline -0.001 -25"><span class='ocrx_word' id='word_1_144' title='bbox 183 3079 232 3175; x_wconf 91' lang='lat' dir='ltr'><strong>(h.</strong></span> <span class='ocrx_word' id='word_1_145' title='bbox 247 3105 281 3154; x_wconf 89' lang='lat' dir='ltr'><strong>e.</strong></span> <span class='ocrx_word' id='word_1_146' title='bbox 301 3103 398 3152; x_wconf 89' lang='lat' dir='ltr'><strong>anno</strong></span> <span class='ocrx_word' id='word_1_147' title='bbox 416 3080 546 3152; x_wconf 90' lang='lat' dir='ltr'><strong>muudi</strong></span> <span class='ocrx_word' id='word_1_148' title='bbox 561 3079 660 3151; x_wconf 78' lang='lat'>6955</span> <span class='ocrx_word' id='word_1_149' title='bbox 675 3077 752 3150; x_wconf 87' lang='lat' dir='ltr'><strong>sive</strong></span> <span class='ocrx_word' id='word_1_150' title='bbox 770 3084 853 3170; x_wconf 87' lang='lat' dir='ltr'><strong>post</strong></span> <span class='ocrx_word' id='word_1_151' title='bbox 865 3071 1057 3149; x_wconf 82' lang='lat' dir='ltr'><strong>Christum</strong></span> <span class='ocrx_word' id='word_1_152' title='bbox 1075 3075 1198 3172; x_wconf 84' lang='grc'>1447),</span> <span class='ocrx_word' id='word_1_153' title='bbox 1213 3076 1264 3149; x_wconf 91' lang='lat' dir='ltr'><strong>sic</strong></span> <span class='ocrx_word' id='word_1_154' title='bbox 1277 3085 1321 3149; x_wconf 95' lang='lat' dir='ltr'><strong>ut</strong></span> 
     </span>
     <span class='ocr_line' id='line_1_23' title="bbox 183 3204 1320 3303; baseline -0.004 -21"><span class='ocrx_word' id='word_1_155' title='bbox 183 3211 268 3282; x_wconf 86' lang='lat' dir='ltr'><strong>dedi</strong></span> <span class='ocrx_word' id='word_1_156' title='bbox 299 3217 482 3303; x_wconf 84' lang='lat' dir='ltr'><strong>corrupta.</strong></span> <span class='ocrx_word' id='word_1_157' title='bbox 550 3206 774 3302; x_wconf 83' lang='lat' dir='ltr'><strong>Georgiades</strong></span> <span class='ocrx_word' id='word_1_158' title='bbox 809 3229 894 3278; x_wconf 91' lang='lat' dir='ltr'><strong>cum</strong></span> <span class='ocrx_word' id='word_1_159' title='bbox 932 3204 1032 3277; x_wconf 90' lang='lat' dir='ltr'><strong>hunc</strong></span> <span class='ocrx_word' id='word_1_160' title='bbox 1069 3229 1216 3300; x_wconf 90' lang='lat' dir='ltr'><strong>quoque</strong></span> <span class='ocrx_word' id='word_1_161' title='bbox 1254 3231 1320 3278; x_wconf 85' lang='lat' dir='ltr'><strong>ex-</strong></span> 
     </span>
     <span class='ocr_line' id='line_1_24' title="bbox 182 3330 1320 3432; baseline -0.004 -21"><span class='ocrx_word' id='word_1_162' title='bbox 182 3339 386 3432; x_wconf 83' lang='lat' dir='ltr'><strong>scripsisset</strong></span> <span class='ocrx_word' id='word_1_163' title='bbox 409 3347 447 3410; x_wconf 87' lang='lat' dir='ltr'><strong>et</strong></span> <span class='ocrx_word' id='word_1_164' title='bbox 467 3337 565 3431; x_wconf 92' lang='lat' dir='ltr'><strong>quod</strong></span> <span class='ocrx_word' id='word_1_165' title='bbox 584 3335 727 3406; x_wconf 89' lang='lat' dir='ltr'><strong>mireris</strong></span> <span class='ocrx_word' id='word_1_166' title='bbox 753 3330 943 3427; x_wconf 77' lang='lat' dir='ltr'><strong>eliquanto</strong></span> <span class='ocrx_word' id='word_1_167' title='bbox 969 3332 1116 3427; x_wconf 89' lang='lat' dir='ltr'><strong>plenius</strong></span> <span class='ocrx_word' id='word_1_168' title='bbox 1141 3357 1252 3428; x_wconf 82' lang='lat' dir='ltr'><strong>quam</strong></span> <span class='ocrx_word' id='word_1_169' title='bbox 1272 3334 1320 3422; x_wconf 87' lang='lat' dir='ltr'><strong>P,</strong></span> 
     </span>
     <span class='ocr_line' id='line_1_25' title="bbox 182 3459 1178 3560; baseline -0.002 -24"><span class='ocrx_word' id='word_1_170' title='bbox 182 3467 269 3538; x_wconf 90' lang='lat' dir='ltr'><strong>satis</strong></span> <span class='ocrx_word' id='word_1_171' title='bbox 288 3466 405 3546; x_wconf 89' lang='lat' dir='ltr'><strong>habui</strong></span> <span class='ocrx_word' id='word_1_172' title='bbox 425 3464 566 3560; x_wconf 84' lang='lat' dir='ltr'><strong>aliquot</strong></span> <span class='ocrx_word' id='word_1_173' title='bbox 582 3465 705 3558; x_wconf 84' lang='lat' dir='ltr'><strong>capita</strong></span> <span class='ocrx_word' id='word_1_174' title='bbox 721 3462 833 3556; x_wconf 87' lang='lat' dir='ltr'><strong>primi</strong></span> <span class='ocrx_word' id='word_1_175' title='bbox 850 3459 938 3534; x_wconf 88' lang='lat' dir='ltr'><strong>libri</strong></span> <span class='ocrx_word' id='word_1_176' title='bbox 956 3463 1178 3534; x_wconf 85' lang='lat' dir='ltr'><strong>tractavisse.</strong></span> 
     </span>
    </p>

    <p class='ocr_par' dir='ltr' id='par_1_9' title="bbox 181 3588 1321 4075">
     <span class='ocr_line' id='line_1_26' title="bbox 288 3588 1320 3669; baseline -0.003 -3"><span class='ocrx_word' id='word_1_177' title='bbox 288 3595 321 3666; x_wconf 81' lang='lat'><strong>9.</strong></span> <span class='ocrx_word' id='word_1_178' title='bbox 350 3616 367 3669; x_wconf 84' lang='lat' dir='ltr'><strong>t</strong></span> <span class='ocrx_word' id='word_1_179' title='bbox 410 3594 506 3667; x_wconf 89' lang='lat' dir='ltr'><strong>inter</strong></span> <span class='ocrx_word' id='word_1_180' title='bbox 529 3593 728 3666; x_wconf 88' lang='lat' dir='ltr'><strong>Urbinates</strong></span> <span class='ocrx_word' id='word_1_181' title='bbox 754 3588 1001 3664; x_wconf 84' lang='lat' dir='ltr'><strong>bibliothecae</strong></span> <span class='ocrx_word' id='word_1_182' title='bbox 1023 3591 1225 3665; x_wconf 87' lang='lat' dir='ltr'><strong>Vaticanae</strong></span> <span class='ocrx_word' id='word_1_183' title='bbox 1248 3617 1320 3664; x_wconf 90' lang='lat' dir='ltr'><strong>nu-</strong></span> 
     </span>
     <span class='ocr_line' id='line_1_27' title="bbox 183 3717 1317 3814; baseline -0.003 -18"><span class='ocrx_word' id='word_1_184' title='bbox 183 3745 282 3796; x_wconf 88' lang='lat' dir='ltr'><strong>mero</strong></span> <span class='ocrx_word' id='word_1_185' title='bbox 322 3723 390 3812; x_wconf 90' lang='lat'><strong>88,</strong></span> <span class='ocrx_word' id='word_1_186' title='bbox 436 3723 477 3796; x_wconf 91' lang='lat' dir='ltr'><strong>in</strong></span> <span class='ocrx_word' id='word_1_187' title='bbox 514 3721 737 3794; x_wconf 83' lang='lat' dir='ltr'><strong>membranis</strong></span> <span class='ocrx_word' id='word_1_188' title='bbox 779 3720 999 3814; x_wconf 79' lang='lat' dir='ltr'><strong>grandibus,</strong></span> <span class='ocrx_word' id='word_1_189' title='bbox 1041 3717 1178 3794; x_wconf 86' lang='lat' dir='ltr'><strong>saeculi</strong></span> <span class='ocrx_word' id='word_1_190' title='bbox 1207 3721 1317 3795; x_wconf 84' lang='lat' dir='ltr'><strong>XIV.</strong></span> 
     </span>
     <span class='ocr_line' id='line_1_28' title="bbox 182 3845 1321 3946; baseline -0.002 -22"><span class='ocrx_word' id='word_1_191' title='bbox 182 3851 406 3946; x_wconf 85' lang='lat' dir='ltr'><strong>praescripta</strong></span> <span class='ocrx_word' id='word_1_192' title='bbox 433 3857 520 3924; x_wconf 91' lang='lat' dir='ltr'><strong>sunt</strong></span> <span class='ocrx_word' id='word_1_193' title='bbox 549 3852 675 3922; x_wconf 87' lang='lat' dir='ltr'><strong>eadem</strong></span> <span class='ocrx_word' id='word_1_194' title='bbox 705 3872 799 3944; x_wconf 90' lang='lat' dir='ltr'><strong>quae</strong></span> <span class='ocrx_word' id='word_1_195' title='bbox 830 3849 872 3919; x_wconf 92' lang='lat' dir='ltr'><strong>in</strong></span> <span class='ocrx_word' id='word_1_196' title='bbox 902 3845 936 3920; x_wconf 87' lang='grc' dir='ltr'><strong>ιί.</strong></span> <span class='ocrx_word' id='word_1_197' title='bbox 988 3847 1147 3922; x_wconf 83' lang='lat' dir='ltr'><strong>contulit</strong></span> <span class='ocrx_word' id='word_1_198' title='bbox 1167 3875 1251 3922; x_wconf 91' lang='lat' dir='ltr'><strong>cum</strong></span> <span class='ocrx_word' id='word_1_199' title='bbox 1275 3871 1321 3922; x_wconf 87' lang='lat' dir='ltr'><strong>eo</strong></span> 
     </span>
     <span class='ocr_line' id='line_1_29' title="bbox 181 3975 1275 4075; baseline -0.002 -23"><span class='ocrx_word' id='word_1_200' title='bbox 181 3975 318 4052; x_wconf 89' lang='lat' dir='ltr'><strong>librum</strong></span> <span class='ocrx_word' id='word_1_201' title='bbox 337 3982 509 4075; x_wconf 91' lang='lat' dir='ltr'><strong>quintum</strong></span> <span class='ocrx_word' id='word_1_202' title='bbox 527 4003 609 4050; x_wconf 91' lang='lat' dir='ltr'><strong>meo</strong></span> <span class='ocrx_word' id='word_1_203' title='bbox 627 3989 757 4073; x_wconf 85' lang='lat' dir='ltr'><strong>rogatu</strong></span> <span class='ocrx_word' id='word_1_204' title='bbox 774 3977 989 4050; x_wconf 82' lang='lat' dir='ltr'><strong>Franciscus</strong></span> <span class='ocrx_word' id='word_1_205' title='bbox 1007 3976 1275 4072; x_wconf 85' lang='lat' dir='ltr'><strong>Umpfenbach.</strong></span> 
     </span>
    </p>

    <p class='ocr_par' dir='ltr' id='par_1_10' title="bbox 183 4103 1320 4588">
     <span class='ocr_line' id='line_1_30' title="bbox 290 4103 1318 4202; baseline 0.001 -22"><span class='ocrx_word' id='word_1_206' title='bbox 290 4111 348 4182; x_wconf 88' lang='lat'><strong>10.</strong></span> <span class='ocrx_word' id='word_1_207' title='bbox 370 4133 390 4182; x_wconf 77' lang='lat' dir='ltr'><strong>s</strong></span> <span class='ocrx_word' id='word_1_208' title='bbox 428 4107 517 4182; x_wconf 89' lang='lat' dir='ltr'><strong>olim</strong></span> <span class='ocrx_word' id='word_1_209' title='bbox 536 4103 718 4182; x_wconf 84' lang='lat' dir='ltr'><strong>Gulielmi</strong></span> <span class='ocrx_word' id='word_1_210' title='bbox 736 4104 904 4182; x_wconf 82' lang='lat' dir='ltr'><strong>Sancrost</strong></span> <span class='ocrx_word' id='word_1_211' title='bbox 920 4107 1201 4202; x_wconf 88' lang='lat' dir='ltr'><strong>Archiepisoopi</strong></span> <span class='ocrx_word' id='word_1_212' title='bbox 1220 4108 1318 4182; x_wconf 87' lang='lat' dir='ltr'><strong>Can·</strong></span> 
     </span>
     <span class='ocr_line' id='line_1_31' title="bbox 183 4233 1319 4331; baseline 0.002 -21"><span class='ocrx_word' id='word_1_213' title='bbox 183 4237 405 4325; x_wconf 81' lang='lat' dir='ltr'><strong>tuariensis,¹</strong></span> <span class='ocrx_word' id='word_1_214' title='bbox 428 4263 528 4310; x_wconf 88' lang='lat' dir='ltr'><strong>nunc</strong></span> <span class='ocrx_word' id='word_1_215' title='bbox 558 4235 804 4310; x_wconf 89' lang='lat' dir='ltr'><strong>bibliothecae</strong></span> <span class='ocrx_word' id='word_1_216' title='bbox 833 4233 979 4331; x_wconf 84' lang='lat' dir='ltr'><strong>collegii</strong></span> <span class='ocrx_word' id='word_1_217' title='bbox 1005 4237 1041 4307; x_wconf 87' lang='lat' dir='ltr'><strong>S.</strong></span> <span class='ocrx_word' id='word_1_218' title='bbox 1067 4235 1319 4318; x_wconf 83' lang='lat' dir='ltr'><strong>Emmanuelis</strong></span> 
     </span>
     <span class='ocr_line' id='line_1_32' title="bbox 183 4350 1320 4461; baseline 0.004 -25"><span class='ocrx_word' id='word_1_219' title='bbox 183 4368 281 4461; x_wconf 92' lang='lat' dir='ltr'><strong>apud</strong></span> <span class='ocrx_word' id='word_1_220' title='bbox 314 4366 630 4460; x_wconf 74' lang='lat' dir='ltr'><strong>cantabrigienses</strong></span> <span class='ocrx_word' id='word_1_221' title='bbox 662 4365 730 4460; x_wconf 80' lang='lat' dir='ltr'>(II,</span> <span class='ocrx_word' id='word_1_222' title='bbox 760 4365 865 4460; x_wconf 77' lang='lat'>105),</span> <span class='ocrx_word' id='word_1_223' title='bbox 895 4350 1010 4438; x_wconf 84' lang='lat' dir='ltr'><strong>‘liber</strong></span> <span class='ocrx_word' id='word_1_224' title='bbox 1039 4365 1251 4438; x_wconf 83' lang='lat' dir='ltr'><strong>chartaceus</strong></span> <span class='ocrx_word' id='word_1_225' title='bbox 1282 4375 1320 4440; x_wconf 88' lang='lat' dir='ltr'><strong>et</strong></span> 
     </span>
     <span class='ocr_line' id='line_1_33' title="bbox 184 4490 1318 4588; baseline -0.001 -22"><span class='ocrx_word' id='word_1_226' title='bbox 184 4517 311 4586; x_wconf 85' lang='lat' dir='ltr'><strong>parurn</strong></span> <span class='ocrx_word' id='word_1_227' title='bbox 330 4503 448 4580; x_wconf 87' lang='lat' dir='ltr'><strong>vetus,</strong></span> <span class='ocrx_word' id='word_1_228' title='bbox 474 4505 512 4566; x_wconf 89' lang='lat' dir='ltr'><strong>at</strong></span> <span class='ocrx_word' id='word_1_229' title='bbox 538 4491 690 4588; x_wconf 87' lang='lat' dir='ltr'><strong>pulchre</strong></span> <span class='ocrx_word' id='word_1_230' title='bbox 715 4493 872 4586; x_wconf 88' lang='lat' dir='ltr'><strong>scriptus</strong></span> <span class='ocrx_word' id='word_1_231' title='bbox 896 4501 935 4564; x_wconf 90' lang='lat' dir='ltr'><strong>et</strong></span> <span class='ocrx_word' id='word_1_232' title='bbox 957 4490 1150 4586; x_wconf 87' lang='lat' dir='ltr'><strong>perfectus,</strong></span> <span class='ocrx_word' id='word_1_233' title='bbox 1175 4493 1217 4565; x_wconf 91' lang='lat' dir='ltr'><strong>in</strong></span> <span class='ocrx_word' id='word_1_234' title='bbox 1236 4495 1318 4582; x_wconf 57' lang='lat'><strong>41⁰2</strong></span> 
     </span>
    </p>
   </div>
   <div class='ocr_carea' id='block_1_6' title="bbox 0 0 1599 5092">
    <p class='ocr_par' dir='ltr' id='par_1_11' title="bbox 0 0 1599 5092">
     <span class='ocr_line' id='line_1_34' title="bbox 0 0 1599 5092; baseline 0 0"><span class='ocrx_word' id='word_1_235' title='bbox 0 0 1599 5092; x_wconf 95' lang='lat' dir='ltr'><strong> </strong></span> 
     </span>
    </p>
   </div>
  </div>
 </body>
</html>
