3175 5092
293 356 355 422 298
765 354 962 423 ..Γ-

291 536 380 629 πηίη
399 532 481 628 φῦσι
499 532 559 603 οὐκ
575 532 654 631 ἐνῆν
672 531 738 631 ἀρα
753 535 792 605 τδ
810 532 934 628 μέλλον
950 532 1100 630 γίνεσθαι
1117 530 1331 631 ἀποτράπειν.
1361 532 1427 628 ἐγὼ

291 649 329 723 δὲ
348 652 366 721 ό
386 650 526 744 μάταιος
545 650 753 751 Πρηξάσπεα
777 650 972 747 ἀποπέμπω
999 653 1034 734 ἐς
1052 652 1164 727 Σοῦσα
1189 652 1427 725 ἀποκτενέοντα

291 770 448 867 Σμέρδιν.
495 771 753 871 ἐξεργασθέντος
779 771 817 843 δὲ
844 780 945 846 κακοῦ
971 775 1131 846 τοσούτου
1159 770 1267 853 ἀδειῦς
1293 774 1427 845 διαιτιύ-

293 917 370 990 μην,
400 890 534 983 οὐδαμὰ
558 891 796 985 ἐπιλεξάμενος
822 898 869 991 μή
896 893 973 965 κοτέ
998 896 1048 973 τίς
1075 919 1133 987 μοι
1151 892 1317 991 Σμέρδιος
1342 892 1427 964 ύπα-

293 1011 499 1109 ραιρημένου
527 1010 630 1093 ἀλλος
658 1013 865 1111 ἐπανασταίη
896 1011 1097 1111 ἀνθρώπιον,
1150 1016 1276 1092 παντὸς
1305 1012 1343 1084 δέ
1370 1018 1428 1084 τοῦ
1461 1036 1475 1083 ε

293 1130 476 1225 μέλλοντος
508 1130 648 1203 ἔσεσθαι
676 1131 837 1231 ἁμαρτὼν
874 1130 1135 1230 ἀδελφεοκτόνος
1162 1158 1199 1205 τι
1228 1132 1326 1205 οὐδὲν
1356 1132 1428 1205 δέον

291 1250 413 1349 γέγονα
432 1253 486 1323 καὶ
504 1260 566 1351 τής
584 1250 768 1351 βασιληίης
792 1252 889 1325 οὐδέν
915 1254 1021 1353 ήσσον
1048 1251 1255 1349 έστέρημαι’
1285 1250 1431 1350 Σμέρδις

291 1371 354 1469 γὰρ
372 1371 416 1468 δή
435 1372 478 1469 ἦν
496 1372 515 1440 ό
534 1366 654 1467 Μάγος
681 1375 738 1443 τόν
767 1398 824 1467 μοι
852 1374 869 1443 ὁ
895 1375 1026 1466 δαίμων
1049 1371 1232 1471 προέφαινε
1257 1371 1292 1443 έν
1310 1373 1354 1469 τῇ
1374 1370 1429 1468 ὄψι

291 1488 595 1589 ἐπαναστήσεσθαι.
631 1492 669 1561 τό
686 1490 746 1585 μέν
765 1491 808 1591 δή
828 1491 926 1591 ἔργον
946 1492 1141 1591 ἐξέργασταί
1160 1518 1226 1585 μοι,
1246 1492 1304 1561 καὶ
1317 1488 1429 1587 Σμέρ-
1471 1570 1481 1587 ⁸

293 1611 342 1682 διν
374 1613 431 1681 τδν
462 1608 577 1709 Κύρου
605 1611 724 1709 μηκέτι
757 1612 835 1706 ὑμῖν
869 1612 968 1684 έόντα
995 1610 1189 1709 λογίζεσθε·
1227 1612 1258 1681 οἱ
1285 1610 1323 1681 δὲ
1352 1608 1428 1702 ὑμῖν
1447 1632 1475 1682 ιυ

292 1726 406 1827 Μάγοι
430 1730 606 1828 κρατέουσι
629 1737 696 1800 τῶν
727 1731 926 1832 βασιληίων,
959 1734 1016 1803 τόν
1045 1756 1082 1804 τε
1108 1731 1223 1803 ἔλιπον
1249 1730 1429 1829 ἐπίτροπον

292 1859 359 1923 τιῦν
388 1852 499 1921 οίκίων
527 1852 582 1922 καί
608 1850 627 1919 ό
654 1850 780 1923 ἐκείνου
809 1850 971 1949 ἀδελφεός
999 1848 1153 1949 Σμέρδις.
1199 1854 1255 1921 τόν
1283 1850 1347 1947 μέν
1374 1876 1428 1921 νυν

294 1970 439 2066 μάλιστα
469 1977 558 2069 χρῆν
592 1969 673 2063 ἐμεῦ
699 1972 823 2071 αίσχρὰ
850 1976 934 2069 πρὸς
960 1978 1026 2042 τιῦν
1058 1967 1186 2069 Μάγων
1219 1970 1430 2049 πεπονθότος

291 2090 467 2190 τιμωρέειν
488 2089 573 2184 ἐμοί,
593 2089 691 2171 οὗτος
708 2090 767 2183 μὲν
783 2088 909 2187 ἀνοσίῳ
928 2095 1023 2191 μόρῳ
1041 2090 1260 2189 τετελεύτηκε
1278 2090 1346 2161 ύπδ
1362 2096 1427 2161 τιῦν

293 2213 420 2284 ἑωυτοῦ
437 2210 678 2308 οίκηιοτάτων·
706 2213 828 2283 τούτου
847 2210 884 2283 δέ
904 2212 1024 2308 μηκέτι
1051 2211 1173 2293 ἐόντος,
1203 2212 1345 2309 δεύτερα
1363 2216 1428 2280 τῶν
1447 2230 1474 2279 15

292 2331 418 2400 λοιπῶν
435 2328 511 2421 ὑμῖν
527 2328 557 2399 ὦ
572 2328 699 2427 Πέρσαι
715 2334 842 2427 γίνεταί
860 2357 916 2424 μοι
933 2329 1191 2429 ἀναγκαιότατον
1209 2328 1429 2403 ἐντέλλεσθαι

291 2446 332 2519 τά
357 2448 450 2521 θέλω
476 2474 532 2541 μοι
557 2448 712 2546 γενέσθαι
732 2449 896 2522 τελευτῶν
915 2452 971 2521 τόν
991 2450 1073 2551 βίον.
1116 2453 1170 2531 καὶ
1188 2451 1230 2548 δή
1251 2450 1329 2543 ὑμῖν
1349 2449 1429 2521 τάδε

292 2568 491 2667 ἐπισκήπτω
509 2568 611 2648 θεοὺς
633 2570 710 2650 τοὺς
734 2569 932 2671 βασιληίους
955 2570 1141 2643 ἐπικαλέων
1167 2573 1220 2641 καί
1242 2572 1326 2641 πᾶσι
1354 2569 1429 2662 ύμῖν

292 2690 348 2759 καί
367 2685 510 2783 μάλιστα
523 2682 793 2786 Ἀχαιμενιδέων
812 2693 899 2764 τοῖσι
915 2696 1088 2789 παρεοῦσι,
1116 2692 1164 2787 μή
1189 2690 1349 2787 περιιδεῖν
1369 2690 1428 2785 τήν

292 2809 477 2905 ἡγεμονίην
506 2808 598 2889 αῦτις
622 2807 658 2889 ἐς
683 2804 825 2908 Μήδους
849 2810 1104 2908 περιελθοῦσαν,
1133 2799 1213 2880 ἀλλ’
1243 2808 1308 2880 εἴτε
1337 2807 1429 2903 δόλιρ
1446 2827 1475 2877 ευ

293 2926 410 3023 ἔχουσι
429 2926 534 3025 αὐτὴν
553 2928 767 3025 κτησάμενοι,
787 2928 879 3024 δόλῳ
895 2927 1119 3029 ἀπαιρεθῆναι
1138 2931 1202 3000 ὺπδ
1219 2928 1345 3021 ὑμέων,
1364 2928 1429 2999 εἴτε

292 3050 345 3119 καὶ
363 3046 477 3120 σθένεΐ
493 3070 560 3143 τεῳ
577 3048 870 3146 κατεργασάμενοι,
889 3047 1004 3121 σθένεϊ
1019 3046 1101 3119 κατά
1116 3052 1153 3119 τὸ
1170 3049 1327 3146 καρτερὸν
1346 3045 1427 3119 ἀνα-

292 3167 481 3240 σώσασθαι.
518 3170 696 3239 καὶταῦτα
716 3166 775 3261 μὲν
791 3174 924 3239 ποιεῦσι
942 3165 1017 3261 ύμῖν
1035 3176 1079 3267 γῆ
1096 3193 1132 3239 τε
1149 3170 1273 3266 καρπόν
1292 3166 1427 3265 ἐκφέροι

293 3288 349 3357 καί
375 3286 527 3383 γυναῖκές
550 3312 587 3359 τε
614 3289 667 3358 καὶ
689 3288 830 3379 ποῖμναι
854 3292 1002 3368 τίκτοιεν,
1034 3286 1125 3359 ἐοῦσι
1151 3287 1187 3366 ές
1212 3289 1267 3357 τὸν
1297 3286 1427 3360 ἅπαντα

292 3409 412 3503 χρόνον
432 3405 656 3505 ἐλευθέροισι·
687 3410 734 3506 μή
754 3404 792 3477 δὲ
811 3402 1102 3499 ἀνασωσαμένοισι
1127 3408 1189 3503 τήν
1208 3404 1317 3505 ἀρχήν
1339 3398 1459 3503 μηδέε

293 3525 528 3626 ἐπιχειρήσασι
557 3524 740 3608 ἀνασώζειν
775 3525 818 3599 τά
849 3524 982 3597 ἐναντία
1012 3528 1157 3597 τούτοισι
1184 3523 1318 3624 ἀρῶμαι
1352 3525 1427 3620 ύμῖν

396 3768 420 3817 ῦ.
435 3763 534 3818 Pollux
548 3764 593 3817 ΠΙ
607 3766 649 3817 25.
667 3794 697 3804 -
714 3767 753 3817 14.
769 3763 843 3823 οὗτος
853 3794 867 3805 -
881 3765 911 3814 15
924 3760 1091 3835 οίιιηιοτύτιον
1103 3763 1258 3817 Priscianus
1271 3761 1366 3816 xvlll
1380 3762 1427 3813 287

346 3907 369 3955 1.
390 3903 501 3975 qm
535 3906 547 3969 ΙΙ
582 3904 771 3974 ἀποτρέπεινῦ
806 3905 818 3968 ΙΙ
852 3903 878 3953 4.
898 3901 1000 3969 οὐδαμᾶ
1013 3900 1072 3955 Ra:
1101 3904 1112 3967 ΙΙ
1141 3898 1347 3973 ὑπαραιρημένου
1360 3900 1426 3954 AB:

293 3970 1060 4109 θπεόίέίθῖἶθοῗυθίθθθθέῗθίθθέῖζλίζίι
1072 3974 1137 4094 θνῗ·
1159 3972 1263 4105 ’ἶίθοῗ
1275 3968 1428 4105 θίάθῇἀ

294 4084 357 4177 sill
383 4058 1194 4183 13.01232014102212,otzqffmdaemvPQ,otxtzordtmvPrisc.
1226 4110 1236 4173 Ιί
1268 4108 1308 4161 17.
1329 4106 1371 4177 δή]
1385 4112 1427 4158 νῦν

292 4181 336 4233 καὶ
352 4182 378 4236 0
424 4183 441 4264 Ιί.
490 4184 528 4233 18.
551 4179 720 4267 ἐπικαλέωθ
760 4182 773 4244 ss
820 4180 860 4231 21.
882 4178 1051 4279 ἀφαιρεθῆναι
1063 4179 1169 4241 ΑΒΟά,
1184 4176 1376 4247 ὐπαιρεθήναιε
1419 4187 1427 4259 Ιγ

294 4252 335 4303 22.
357 4249 441 4305 σθένει
452 4248 503 4302 τέω
516 4250 553 4314 R,
569 4248 652 4303 σθένει
662 4268 726 4319 τιμε
753 4252 765 4315 n
793 4248 1061 4321 κατεργασμένοιΑΒ
1096 4248 1107 4311 ΙΙ
1143 4248 1184 4299 24,
1205 4246 1249 4297 καί
1260 4246 1373 4316 ποῖμναι]
1387 4262 1428 4296 και

293 4319 482 4407 ποίμνιαιόΨι,
497 4335 551 4371 om.
566 4316 594 4369 R
628 4322 640 4385 ΙΙ
657 4317 807 4405 ’πάνταξζγ
833 4320 844 4382 ΙΙ
886 4318 927 4369 25.
950 4318 986 4387 μή
1000 4316 1028 4369 δὲ
1042 4314 1258 4397 ἀνασωσαμένοισι
1271 4314 1378 4385 scn'psi:
1387 4312 1427 4434 χή

293 4388 576 4477 ιγνασωσοιμενοιδὲγΙδ,
591 4387 656 4457 μηδ
679 4386 814 4471 [τρίμηοί
831 4386 1047 4505 ἀνασωσαμένοισι
1061 4394 1143 4469 σομετι
1183 4387 1194 4449 ΙΙ
1234 4384 1376 4456 τὴνάρχὴν
1420 4401 1426 4431 =

294 4475 326 4526 αρ
345 4458 377 4525 ὴν
412 4459 424 4523 ss
459 4455 524 4526 μήδ
544 4456 634 4519 ΑΒΡ,
651 4456 703 4526 μηδ
727 4459 756 4522 G,
771 4455 808 4524 μὴ
823 4455 850 4508 δε
864 4454 899 4521 Β,
915 4474 951 4524 μη
970 4456 1020 4518 ed,
1036 4452 1120 4523 μήδσ
1155 4456 1166 4517 ΙΙ
1205 4454 1246 4506 26.
1267 4452 1427 4526 ίπιχειρίσασι

294 4544 308 4577 ε
325 4476 344 4591 θ
365 4526 467 4597 ἀρῶμαι
479 4556 494 4565 -
506 4542 532 4597 ρ.
548 4527 608 4590 299,
626 4528 634 4576 Ι
651 4526 763 4582 τούτοισι
775 4542 830 4581 om.
846 4525 873 4577 R
896 4528 907 4593 λ]
932 4524 1048 4595 άρέωμαι
1063 4524 1110 4585 ed.
1126 4523 1234 4595 ἀρέομαι
1246 4522 1285 4579 Pz
