<?xml version="1.0" encoding="UTF-8"?>
<!DOCTYPE html PUBLIC "-//W3C//DTD XHTML 1.0 Transitional//EN"
    "http://www.w3.org/TR/xhtml1/DTD/xhtml1-transitional.dtd">
<html xmlns="http://www.w3.org/1999/xhtml" xml:lang="en" lang="en">
 <head>
  <title>
</title>
<meta http-equiv="Content-Type" content="text/html;charset=utf-8" />
  <meta name='ocr-system' content='tesseract 3.04.00' />
  <meta name='ocr-capabilities' content='ocr_page ocr_carea ocr_par ocr_line ocrx_word'/>
</head>
<body>
  <div class='ocr_page' id='page_1' title='image "./herodotihistori01steigoog_0064.png"; bbox 0 0 3175 5092; ppageno 0'>
   <div class='ocr_carea' id='block_1_1' title="bbox 266 364 906 431">
    <p class='ocr_par' dir='ltr' id='par_1_1' title="bbox 266 364 906 431">
     <span class='ocr_line' id='line_1_1' title="bbox 266 364 906 431; baseline -0.003 -10"><span class='ocrx_word' id='word_1_1' title='bbox 266 387 351 431; x_wconf 75' lang='lat' dir='ltr'>mn</span> <span class='ocrx_word' id='word_1_2' title='bbox 761 364 906 420; x_wconf 67' lang='lat' dir='ltr'>Praefatio.</span> 
     </span>
    </p>
   </div>
   <div class='ocr_carea' id='block_1_2' title="bbox 205 537 1409 4606">
    <p class='ocr_par' dir='ltr' id='par_1_2' title="bbox 265 537 1403 1009">
     <span class='ocr_line' id='line_1_2' title="bbox 265 537 1400 634; baseline -0.002 -22"><span class='ocrx_word' id='word_1_3' title='bbox 265 541 297 612; x_wconf 94' lang='lat' dir='ltr'><strong>B</strong></span> <span class='ocrx_word' id='word_1_4' title='bbox 319 541 404 628; x_wconf 82' lang='lat'>156,</span> <span class='ocrx_word' id='word_1_5' title='bbox 424 537 548 634; x_wconf 74' lang='grc' dir='ltr'>Τιμοῦν</span> <span class='ocrx_word' id='word_1_6' title='bbox 569 537 595 610; x_wconf 84' lang='grc' dir='ltr'><strong>Ζ</strong></span> <span class='ocrx_word' id='word_1_7' title='bbox 618 540 700 612; x_wconf 89' lang='grc'>134.</span> <span class='ocrx_word' id='word_1_8' title='bbox 725 541 823 634; x_wconf 78' lang='lat'>135),</span> <span class='ocrx_word' id='word_1_9' title='bbox 844 550 924 612; x_wconf 92' lang='lat' dir='ltr'>tum</span> <span class='ocrx_word' id='word_1_10' title='bbox 942 541 983 611; x_wconf 89' lang='lat' dir='ltr'>in</span> <span class='ocrx_word' id='word_1_11' title='bbox 1000 543 1030 608; x_wconf 78' lang='lat' dir='ltr'>ul</span> <span class='ocrx_word' id='word_1_12' title='bbox 1048 539 1125 612; x_wconf 82' lang='lat' dir='ltr'>sive</span> <span class='ocrx_word' id='word_1_13' title='bbox 1141 546 1172 608; x_wconf 76' lang='grc' dir='ltr'>ὦ</span> <span class='ocrx_word' id='word_1_14' title='bbox 1191 538 1288 633; x_wconf 70' lang='lat' dir='ltr'>(atto</span> <span class='ocrx_word' id='word_1_15' title='bbox 1306 541 1343 610; x_wconf 78' lang='lat' dir='ltr'>A</span> <span class='ocrx_word' id='word_1_16' title='bbox 1362 541 1400 622; x_wconf 89' lang='lat'>8,</span> 
     </span>
     <span class='ocr_line' id='line_1_3' title="bbox 265 664 1398 767; baseline -0.003 -28"><span class='ocrx_word' id='word_1_17' title='bbox 265 670 320 767; x_wconf 64' lang='grc' dir='ltr'>ηὀῑ</span> <span class='ocrx_word' id='word_1_18' title='bbox 346 669 493 762; x_wconf 84' lang='lat' dir='ltr'>passim,</span> <span class='ocrx_word' id='word_1_19' title='bbox 524 666 634 750; x_wconf 71' lang='lat' dir='ltr'>aethei</span> <span class='ocrx_word' id='word_1_20' title='bbox 660 664 685 736; x_wconf 80' lang='lat' dir='ltr'>S</span> <span class='ocrx_word' id='word_1_21' title='bbox 712 670 795 753; x_wconf 93' lang='grc'>111,</span> <span class='ocrx_word' id='word_1_22' title='bbox 830 666 936 738; x_wconf 80' lang='grc' dir='ltr'>Πυθώ</span> <span class='ocrx_word' id='word_1_23' title='bbox 960 670 996 739; x_wconf 93' lang='grc' dir='ltr'><strong>Α</strong></span> <span class='ocrx_word' id='word_1_24' title='bbox 1018 669 1080 752; x_wconf 85' lang='grc'>54,</span> <span class='ocrx_word' id='word_1_25' title='bbox 1105 665 1229 765; x_wconf 78' lang='grc' dir='ltr'>Σαρδώ</span> <span class='ocrx_word' id='word_1_26' title='bbox 1253 669 1291 738; x_wconf 89' lang='lat' dir='ltr'>A</span> <span class='ocrx_word' id='word_1_27' title='bbox 1315 668 1398 738; x_wconf 87' lang='grc'>176.</span> 
     </span>
     <span class='ocr_line' id='line_1_4' title="bbox 268 793 1403 890; baseline -0.003 -22"><span class='ocrx_word' id='word_1_28' title='bbox 268 793 402 870; x_wconf 86' lang='grc' dir='ltr'>Ε196.</span> <span class='ocrx_word' id='word_1_29' title='bbox 427 797 510 868; x_wconf 95' lang='grc'>124.</span> <span class='ocrx_word' id='word_1_30' title='bbox 536 794 563 866; x_wconf 83' lang='grc' dir='ltr'><strong>Ζ</strong></span> <span class='ocrx_word' id='word_1_31' title='bbox 583 794 630 890; x_wconf 91' lang='grc'>2).</span> <span class='ocrx_word' id='word_1_32' title='bbox 682 819 755 890; x_wconf 90' lang='lat' dir='ltr'>quo</span> <span class='ocrx_word' id='word_1_33' title='bbox 781 797 1057 890; x_wconf 85' lang='lat' dir='ltr'>adiungendum</span> <span class='ocrx_word' id='word_1_34' title='bbox 1081 795 1179 866; x_wconf 77' lang='grc' dir='ltr'>εἰκών</span> <span class='ocrx_word' id='word_1_35' title='bbox 1204 793 1403 888; x_wconf 75' lang='lat' dir='ltr'>dupliciter</span> 
     </span>
     <span class='ocr_line' id='line_1_5' title="bbox 267 918 1269 1009; baseline -0.004 -13"><span class='ocrx_word' id='word_1_36' title='bbox 267 924 508 997; x_wconf 90' lang='lat' dir='ltr'>declinatum:</span> <span class='ocrx_word' id='word_1_37' title='bbox 529 923 638 996; x_wconf 77' lang='grc' dir='ltr'>εἰκόνα</span> <span class='ocrx_word' id='word_1_38' title='bbox 655 927 693 996; x_wconf 90' lang='grc' dir='ltr'><strong>Α</strong></span> <span class='ocrx_word' id='word_1_39' title='bbox 713 925 772 995; x_wconf 83' lang='grc'>51.</span> <span class='ocrx_word' id='word_1_40' title='bbox 793 924 825 994; x_wconf 94' lang='grc' dir='ltr'>Β</span> <span class='ocrx_word' id='word_1_41' title='bbox 847 925 930 995; x_wconf 87' lang='grc'>196.</span> <span class='ocrx_word' id='word_1_42' title='bbox 956 923 1039 1009; x_wconf 87' lang='grc'>143,</span> <span class='ocrx_word' id='word_1_43' title='bbox 1057 922 1138 992; x_wconf 78' lang='lat' dir='ltr'>elad</span> <span class='ocrx_word' id='word_1_44' title='bbox 1156 918 1188 992; x_wconf 92' lang='grc' dir='ltr'><strong><em>Η</em></strong></span> <span class='ocrx_word' id='word_1_45' title='bbox 1207 921 1269 994; x_wconf 92' lang='grc'>69.</span> 
     </span>
    </p>

    <p class='ocr_par' dir='ltr' id='par_1_3' title="bbox 205 1047 1409 4606">
     <span class='ocr_line' id='line_1_6' title="bbox 319 1047 1400 1148; baseline -0.003 -25"><span class='ocrx_word' id='word_1_46' title='bbox 319 1145 321 1148; x_wconf 16' lang='lat'>¹</span> <span class='ocrx_word' id='word_1_47' title='bbox 349 1053 472 1146; x_wconf 51' lang='lat' dir='ltr'>¹Haec</span> <span class='ocrx_word' id='word_1_48' title='bbox 497 1051 649 1124; x_wconf 84' lang='lat' dir='ltr'>attalia</span> <span class='ocrx_word' id='word_1_49' title='bbox 673 1075 757 1123; x_wconf 90' lang='lat' dir='ltr'>eum</span> <span class='ocrx_word' id='word_1_50' title='bbox 781 1053 943 1145; x_wconf 82' lang='lat' dir='ltr'>primum</span> <span class='ocrx_word' id='word_1_51' title='bbox 967 1051 1072 1144; x_wconf 88' lang='lat' dir='ltr'>coepi</span> <span class='ocrx_word' id='word_1_52' title='bbox 1102 1047 1293 1144; x_wconf 80' lang='lat' dir='ltr'>colligere,</span> <span class='ocrx_word' id='word_1_53' title='bbox 1325 1057 1400 1120; x_wconf 83' lang='lat' dir='ltr'>tam</span> 
     </span>
     <span class='ocr_line' id='line_1_7' title="bbox 265 1175 1403 1276; baseline -0.002 -25"><span class='ocrx_word' id='word_1_54' title='bbox 265 1180 368 1276; x_wconf 87' lang='lat' dir='ltr'>larga</span> <span class='ocrx_word' id='word_1_55' title='bbox 384 1205 470 1251; x_wconf 87' lang='lat' dir='ltr'>mox</span> <span class='ocrx_word' id='word_1_56' title='bbox 490 1181 669 1252; x_wconf 80' lang='lat' dir='ltr'><strong>succrevit</strong></span> <span class='ocrx_word' id='word_1_57' title='bbox 681 1181 836 1251; x_wconf 88' lang='lat' dir='ltr'>materia</span> <span class='ocrx_word' id='word_1_58' title='bbox 848 1189 997 1273; x_wconf 89' lang='lat' dir='ltr'>tamque</span> <span class='ocrx_word' id='word_1_59' title='bbox 1009 1175 1219 1271; x_wconf 85' lang='lat' dir='ltr'>multiplex,</span> <span class='ocrx_word' id='word_1_60' title='bbox 1233 1187 1287 1264; x_wconf 93' lang='lat' dir='ltr'>ut,</span> <span class='ocrx_word' id='word_1_61' title='bbox 1302 1189 1403 1271; x_wconf 88' lang='lat' dir='ltr'>post-</span> 
     </span>
     <span class='ocr_line' id='line_1_8' title="bbox 266 1307 1402 1402; baseline -0.003 -23"><span class='ocrx_word' id='word_1_62' title='bbox 266 1333 375 1402; x_wconf 88' lang='lat' dir='ltr'>quam</span> <span class='ocrx_word' id='word_1_63' title='bbox 402 1331 614 1402; x_wconf 83' lang='lat' dir='ltr'>expromere</span> <span class='ocrx_word' id='word_1_64' title='bbox 639 1317 676 1379; x_wconf 90' lang='lat' dir='ltr'>et</span> <span class='ocrx_word' id='word_1_65' title='bbox 700 1307 865 1402; x_wconf 84' lang='lat' dir='ltr'>digerere</span> <span class='ocrx_word' id='word_1_66' title='bbox 889 1307 1054 1392; x_wconf 89' lang='lat' dir='ltr'>institui,</span> <span class='ocrx_word' id='word_1_67' title='bbox 1084 1307 1233 1378; x_wconf 80' lang='lat' dir='ltr'>haereat</span> <span class='ocrx_word' id='word_1_68' title='bbox 1257 1307 1402 1377; x_wconf 87' lang='lat' dir='ltr'>animus</span> 
     </span>
     <span class='ocr_line' id='line_1_9' title="bbox 267 1435 1403 1532; baseline -0.001 -25"><span class='ocrx_word' id='word_1_69' title='bbox 267 1459 446 1532; x_wconf 84' lang='lat' dir='ltr'>quaenam</span> <span class='ocrx_word' id='word_1_70' title='bbox 471 1435 703 1530; x_wconf 89' lang='lat' dir='ltr'>potissimum</span> <span class='ocrx_word' id='word_1_71' title='bbox 727 1459 862 1530; x_wconf 87' lang='lat' dir='ltr'>genera</span> <span class='ocrx_word' id='word_1_72' title='bbox 884 1435 1118 1517; x_wconf 75' lang='lat' dir='ltr'>distribuere,</span> <span class='ocrx_word' id='word_1_73' title='bbox 1145 1457 1217 1528; x_wconf 95' lang='lat' dir='ltr'>quo</span> <span class='ocrx_word' id='word_1_74' title='bbox 1236 1457 1403 1528; x_wconf 88' lang='lat' dir='ltr'>quaeque</span> 
     </span>
     <span class='ocr_line' id='line_1_10' title="bbox 266 1563 1402 1658; baseline -0.002 -24"><span class='ocrx_word' id='word_1_75' title='bbox 266 1565 345 1636; x_wconf 87' lang='lat' dir='ltr'>loeo</span> <span class='ocrx_word' id='word_1_76' title='bbox 364 1565 555 1658; x_wconf 81' lang='lat' dir='ltr'>disponere</span> <span class='ocrx_word' id='word_1_77' title='bbox 573 1565 736 1636; x_wconf 85' lang='lat' dir='ltr'>debeam.</span> <span class='ocrx_word' id='word_1_78' title='bbox 782 1572 821 1634; x_wconf 86' lang='lat' dir='ltr'>at</span> <span class='ocrx_word' id='word_1_79' title='bbox 837 1564 950 1648; x_wconf 90' lang='lat' dir='ltr'>enim,</span> <span class='ocrx_word' id='word_1_80' title='bbox 975 1572 1019 1634; x_wconf 92' lang='lat' dir='ltr'>ut</span> <span class='ocrx_word' id='word_1_81' title='bbox 1040 1585 1153 1655; x_wconf 89' lang='lat' dir='ltr'>supra</span> <span class='ocrx_word' id='word_1_82' title='bbox 1174 1563 1402 1655; x_wconf 82' lang='lat' dir='ltr'>praemonui,</span> 
     </span>
     <span class='ocr_line' id='line_1_11' title="bbox 266 1689 1402 1785; baseline -0.002 -21"><span class='ocrx_word' id='word_1_83' title='bbox 266 1693 351 1766; x_wconf 92' lang='lat' dir='ltr'>nolo</span> <span class='ocrx_word' id='word_1_84' title='bbox 368 1715 469 1764; x_wconf 89' lang='lat' dir='ltr'>nunc</span> <span class='ocrx_word' id='word_1_85' title='bbox 485 1693 665 1764; x_wconf 89' lang='lat' dir='ltr'>rationem</span> <span class='ocrx_word' id='word_1_86' title='bbox 683 1690 832 1763; x_wconf 79' lang='lat' dir='ltr'>dialecti</span> <span class='ocrx_word' id='word_1_87' title='bbox 857 1692 897 1762; x_wconf 93' lang='lat' dir='ltr'>in</span> <span class='ocrx_word' id='word_1_88' title='bbox 916 1714 1041 1764; x_wconf 86' lang='lat' dir='ltr'>omnes</span> <span class='ocrx_word' id='word_1_89' title='bbox 1066 1699 1187 1785; x_wconf 86' lang='lat' dir='ltr'>partes</span> <span class='ocrx_word' id='word_1_90' title='bbox 1205 1689 1402 1784; x_wconf 84' lang='lat' dir='ltr'>explicare,</span> 
     </span>
     <span class='ocr_line' id='line_1_12' title="bbox 268 1819 1403 1913; baseline -0.004 -21"><span class='ocrx_word' id='word_1_91' title='bbox 268 1845 393 1893; x_wconf 90' lang='lat' dir='ltr'>verum</span> <span class='ocrx_word' id='word_1_92' title='bbox 426 1822 517 1892; x_wconf 88' lang='lat' dir='ltr'>fines</span> <span class='ocrx_word' id='word_1_93' title='bbox 550 1829 710 1892; x_wconf 77' lang='lat' dir='ltr'>coartare</span> <span class='ocrx_word' id='word_1_94' title='bbox 736 1821 960 1913; x_wconf 88' lang='lat' dir='ltr'>modumque</span> <span class='ocrx_word' id='word_1_95' title='bbox 986 1819 1207 1891; x_wconf 88' lang='lat' dir='ltr'>constituere</span> <span class='ocrx_word' id='word_1_96' title='bbox 1231 1819 1403 1890; x_wconf 89' lang='lat' dir='ltr'>emenda-</span> 
     </span>
     <span class='ocr_line' id='line_1_13' title="bbox 267 1946 1402 2043; baseline -0.004 -22"><span class='ocrx_word' id='word_1_97' title='bbox 267 1950 389 2021; x_wconf 88' lang='lat' dir='ltr'>tionis.</span> <span class='ocrx_word' id='word_1_98' title='bbox 434 1951 561 2043; x_wconf 85' lang='lat' dir='ltr'>itaque</span> <span class='ocrx_word' id='word_1_99' title='bbox 579 1948 666 2020; x_wconf 89' lang='lat' dir='ltr'>satis</span> <span class='ocrx_word' id='word_1_100' title='bbox 686 1948 828 2020; x_wconf 87' lang='lat' dir='ltr'>habebo</span> <span class='ocrx_word' id='word_1_101' title='bbox 846 1970 923 2018; x_wconf 92' lang='lat' dir='ltr'>rem</span> <span class='ocrx_word' id='word_1_102' title='bbox 940 1946 1005 2018; x_wconf 85' lang='lat' dir='ltr'>filo</span> <span class='ocrx_word' id='word_1_103' title='bbox 1030 1948 1208 2019; x_wconf 84' lang='lat' dir='ltr'>deducere</span> <span class='ocrx_word' id='word_1_104' title='bbox 1225 1946 1402 2031; x_wconf 83' lang='lat' dir='ltr'>crassiori,</span> 
     </span>
     <span class='ocr_line' id='line_1_14' title="bbox 266 2075 1405 2170; baseline -0.004 -21"><span class='ocrx_word' id='word_1_105' title='bbox 266 2086 309 2149; x_wconf 94' lang='lat' dir='ltr'>ut</span> <span class='ocrx_word' id='word_1_106' title='bbox 326 2075 463 2149; x_wconf 88' lang='lat' dir='ltr'>similia</span> <span class='ocrx_word' id='word_1_107' title='bbox 480 2075 663 2148; x_wconf 85' lang='lat' dir='ltr'>similibus</span> <span class='ocrx_word' id='word_1_108' title='bbox 681 2077 936 2170; x_wconf 83' lang='lat' dir='ltr'>adgregentur,</span> <span class='ocrx_word' id='word_1_109' title='bbox 958 2075 1081 2168; x_wconf 89' lang='lat' dir='ltr'>ipsum</span> <span class='ocrx_word' id='word_1_110' title='bbox 1097 2075 1263 2146; x_wconf 89' lang='lat' dir='ltr'>ordinem</span> <span class='ocrx_word' id='word_1_111' title='bbox 1279 2075 1405 2145; x_wconf 88' lang='lat' dir='ltr'>minus</span> 
     </span>
     <span class='ocr_line' id='line_1_15' title="bbox 267 2201 1402 2298; baseline -0.004 -21"><span class='ocrx_word' id='word_1_112' title='bbox 267 2229 408 2278; x_wconf 89' lang='lat' dir='ltr'>curans.</span> <span class='ocrx_word' id='word_1_113' title='bbox 475 2205 516 2277; x_wconf 91' lang='lat' dir='ltr'>in</span> <span class='ocrx_word' id='word_1_114' title='bbox 548 2205 740 2275; x_wconf 88' lang='lat' dir='ltr'>nominum</span> <span class='ocrx_word' id='word_1_115' title='bbox 770 2204 885 2298; x_wconf 86' lang='lat' dir='ltr'>igitur</span> <span class='ocrx_word' id='word_1_116' title='bbox 915 2203 1017 2275; x_wconf 87' lang='lat' dir='ltr'>varia</span> <span class='ocrx_word' id='word_1_117' title='bbox 1045 2201 1289 2275; x_wconf 83' lang='lat' dir='ltr'>declinatione</span> <span class='ocrx_word' id='word_1_118' title='bbox 1319 2227 1402 2273; x_wconf 90' lang='lat' dir='ltr'>cum</span> 
     </span>
     <span class='ocr_line' id='line_1_16' title="bbox 267 2327 1405 2427; baseline -0.001 -23"><span class='ocrx_word' id='word_1_119' title='bbox 267 2333 472 2406; x_wconf 84' lang='lat' dir='ltr'>substiterit</span> <span class='ocrx_word' id='word_1_120' title='bbox 489 2333 667 2427; x_wconf 86' lang='lat' dir='ltr'>quaestio,</span> <span class='ocrx_word' id='word_1_121' title='bbox 686 2353 914 2425; x_wconf 86' lang='lat' dir='ltr'>exequamur</span> <span class='ocrx_word' id='word_1_122' title='bbox 931 2332 1005 2403; x_wconf 91' lang='lat' dir='ltr'>iam</span> <span class='ocrx_word' id='word_1_123' title='bbox 1018 2331 1098 2403; x_wconf 91' lang='lat' dir='ltr'>eius</span> <span class='ocrx_word' id='word_1_124' title='bbox 1109 2327 1295 2425; x_wconf 88' lang='lat' dir='ltr'>reliquias,</span> <span class='ocrx_word' id='word_1_125' title='bbox 1310 2355 1405 2425; x_wconf 89' lang='lat' dir='ltr'>quae</span> 
     </span>
     <span class='ocr_line' id='line_1_17' title="bbox 268 2457 1401 2555; baseline -0.004 -21"><span class='ocrx_word' id='word_1_126' title='bbox 268 2471 356 2534; x_wconf 88' lang='lat' dir='ltr'>sunt</span> <span class='ocrx_word' id='word_1_127' title='bbox 377 2459 455 2534; x_wconf 85' lang='lat' dir='ltr'>fere</span> <span class='ocrx_word' id='word_1_128' title='bbox 479 2485 526 2533; x_wconf 89' lang='lat' dir='ltr'>ex</span> <span class='ocrx_word' id='word_1_129' title='bbox 551 2483 594 2532; x_wconf 91' lang='lat' dir='ltr'>eo</span> <span class='ocrx_word' id='word_1_130' title='bbox 618 2481 750 2554; x_wconf 86' lang='lat' dir='ltr'>genere</span> <span class='ocrx_word' id='word_1_131' title='bbox 776 2457 875 2553; x_wconf 90' lang='lat' dir='ltr'>quod</span> <span class='ocrx_word' id='word_1_132' title='bbox 892 2459 1018 2554; x_wconf 90' lang='lat' dir='ltr'>attigit</span> <span class='ocrx_word' id='word_1_133' title='bbox 1034 2459 1184 2533; x_wconf 86' lang='lat' dir='ltr'>Lobeck</span> <span class='ocrx_word' id='word_1_134' title='bbox 1200 2462 1247 2531; x_wconf 86' lang='lat' dir='ltr'>ad</span> <span class='ocrx_word' id='word_1_135' title='bbox 1265 2461 1401 2555; x_wconf 86' lang='lat' dir='ltr'>Phryn.</span> 
     </span>
     <span class='ocr_line' id='line_1_18' title="bbox 268 2581 1404 2685; baseline -0.004 -24"><span class='ocrx_word' id='word_1_136' title='bbox 268 2615 304 2685; x_wconf 92' lang='lat' dir='ltr'>p.</span> <span class='ocrx_word' id='word_1_137' title='bbox 327 2591 411 2663; x_wconf 86' lang='grc'>762.</span> <span class='ocrx_word' id='word_1_138' title='bbox 458 2589 476 2659; x_wconf 85' lang='grc' dir='ltr'>ά</span> <span class='ocrx_word' id='word_1_139' title='bbox 496 2583 677 2667; x_wconf 80' lang='grc' dir='ltr'>Καύκασος</span> <span class='ocrx_word' id='word_1_140' title='bbox 694 2591 730 2659; x_wconf 90' lang='grc' dir='ltr'><strong>Α</strong></span> <span class='ocrx_word' id='word_1_141' title='bbox 750 2587 836 2658; x_wconf 84' lang='grc'>263.</span> <span class='ocrx_word' id='word_1_142' title='bbox 857 2589 945 2673; x_wconf 86' lang='grc'>204,</span> <span class='ocrx_word' id='word_1_143' title='bbox 967 2589 1022 2656; x_wconf 71' lang='lat' dir='ltr'>aba</span> <span class='ocrx_word' id='word_1_144' title='bbox 1041 2581 1221 2658; x_wconf 70' lang='lat' dir='ltr'>Kabassos</span> <span class='ocrx_word' id='word_1_145' title='bbox 1238 2583 1265 2656; x_wconf 91' lang='grc' dir='ltr'>Δ</span> <span class='ocrx_word' id='word_1_146' title='bbox 1289 2589 1346 2673; x_wconf 85' lang='grc'>12,</span> <span class='ocrx_word' id='word_1_147' title='bbox 1365 2590 1404 2657; x_wconf 89' lang='grc' dir='ltr'>τδ</span> 
     </span>
     <span class='ocr_line' id='line_1_19' title="bbox 270 2711 1402 2812; baseline -0.002 -24"><span class='ocrx_word' id='word_1_148' title='bbox 270 2714 460 2789; x_wconf 78' lang='grc' dir='ltr'>Καυκάσιον</span> <span class='ocrx_word' id='word_1_149' title='bbox 485 2715 566 2812; x_wconf 78' lang='grc' dir='ltr'>δρος</span> <span class='ocrx_word' id='word_1_150' title='bbox 587 2717 624 2786; x_wconf 91' lang='grc' dir='ltr'><strong>Α</strong></span> <span class='ocrx_word' id='word_1_151' title='bbox 647 2717 736 2787; x_wconf 80' lang='lat'>104:</span> <span class='ocrx_word' id='word_1_152' title='bbox 763 2725 803 2786; x_wconf 86' lang='lat' dir='ltr'>at</span> <span class='ocrx_word' id='word_1_153' title='bbox 828 2715 927 2812; x_wconf 72' lang='grc' dir='ltr'>μέχρι</span> <span class='ocrx_word' id='word_1_154' title='bbox 953 2711 1145 2795; x_wconf 76' lang='grc' dir='ltr'>Καυκάσιος</span> <span class='ocrx_word' id='word_1_155' title='bbox 1170 2713 1267 2812; x_wconf 81' lang='grc' dir='ltr'>δρεος</span> <span class='ocrx_word' id='word_1_156' title='bbox 1292 2712 1320 2785; x_wconf 89' lang='grc' dir='ltr'>Γ</span> <span class='ocrx_word' id='word_1_157' title='bbox 1341 2716 1402 2800; x_wconf 89' lang='grc'>97,</span> 
     </span>
     <span class='ocr_line' id='line_1_20' title="bbox 270 2825 1403 2941; baseline -0.004 -25"><span class='ocrx_word' id='word_1_158' title='bbox 270 2869 341 2941; x_wconf 89' lang='lat' dir='ltr'>quo</span> <span class='ocrx_word' id='word_1_159' title='bbox 359 2852 500 2938; x_wconf 86' lang='lat' dir='ltr'>spectat</span> <span class='ocrx_word' id='word_1_160' title='bbox 516 2843 697 2937; x_wconf 83' lang='lat' dir='ltr'>Stephani</span> <span class='ocrx_word' id='word_1_161' title='bbox 715 2844 857 2916; x_wconf 86' lang='lat' dir='ltr'>notatio</span> <span class='ocrx_word' id='word_1_162' title='bbox 875 2868 911 2936; x_wconf 94' lang='lat' dir='ltr'>p.</span> <span class='ocrx_word' id='word_1_163' title='bbox 934 2840 1007 2914; x_wconf 87' lang='grc'>369</span> <span class='ocrx_word' id='word_1_164' title='bbox 1036 2839 1170 2938; x_wconf 67' lang='grc' dir='ltr'>λέγεται</span> <span class='ocrx_word' id='word_1_165' title='bbox 1194 2841 1249 2911; x_wconf 86' lang='grc' dir='ltr'>καί</span> <span class='ocrx_word' id='word_1_166' title='bbox 1272 2825 1327 2912; x_wconf 80' lang='grc' dir='ltr'>διὰ</span> <span class='ocrx_word' id='word_1_167' title='bbox 1342 2848 1403 2911; x_wconf 84' lang='grc' dir='ltr'>τοῦ</span> 
     </span>
     <span class='ocr_line' id='line_1_21' title="bbox 269 2967 1403 3067; baseline 0.002 -31"><span class='ocrx_word' id='word_1_168' title='bbox 269 2974 285 3036; x_wconf 80' lang='grc' dir='ltr'>ι’</span> <span class='ocrx_word' id='word_1_169' title='bbox 301 2969 481 3051; x_wconf 79' lang='grc' dir='ltr'>Καύκαοις.</span> <span class='ocrx_word' id='word_1_170' title='bbox 526 2973 630 3044; x_wconf 86' lang='lat' dir='ltr'>sedes</span> <span class='ocrx_word' id='word_1_171' title='bbox 648 2971 867 3067; x_wconf 81' lang='lat' dir='ltr'>Scytharum</span> <span class='ocrx_word' id='word_1_172' title='bbox 886 2978 1062 3042; x_wconf 88' lang='lat' dir='ltr'>vocantur</span> <span class='ocrx_word' id='word_1_173' title='bbox 1087 2977 1165 3040; x_wconf 88' lang='lat' dir='ltr'>tum</span> <span class='ocrx_word' id='word_1_174' title='bbox 1192 2975 1237 3067; x_wconf 70' lang='grc' dir='ltr'>γῆ</span> <span class='ocrx_word' id='word_1_175' title='bbox 1255 2967 1403 3066; x_wconf 78' lang='grc' dir='ltr'>Σκυθική</span> 
     </span>
     <span class='ocr_line' id='line_1_22' title="bbox 269 3097 1406 3198; baseline -0.004 -25"><span class='ocrx_word' id='word_1_176' title='bbox 269 3113 348 3173; x_wconf 89' lang='lat' dir='ltr'>tum</span> <span class='ocrx_word' id='word_1_177' title='bbox 366 3100 389 3198; x_wconf 79' lang='grc' dir='ltr'>η</span> <span class='ocrx_word' id='word_1_178' title='bbox 408 3097 568 3196; x_wconf 71' lang='grc' dir='ltr'>Σκυθική,</span> <span class='ocrx_word' id='word_1_179' title='bbox 595 3097 724 3197; x_wconf 79' lang='grc' dir='ltr'>Σκυθίη</span> <span class='ocrx_word' id='word_1_180' title='bbox 750 3123 836 3172; x_wconf 88' lang='lat' dir='ltr'>vero</span> <span class='ocrx_word' id='word_1_181' title='bbox 860 3120 996 3170; x_wconf 88' lang='lat' dir='ltr'>nomen</span> <span class='ocrx_word' id='word_1_182' title='bbox 1019 3119 1248 3191; x_wconf 88' lang='lat' dir='ltr'>peromnem</span> <span class='ocrx_word' id='word_1_183' title='bbox 1266 3099 1406 3192; x_wconf 83' lang='lat' dir='ltr'>graeci-</span> 
     </span>
     <span class='ocr_line' id='line_1_23' title="bbox 269 3225 1406 3318; baseline -0.004 -17"><span class='ocrx_word' id='word_1_184' title='bbox 269 3239 381 3301; x_wconf 86' lang='lat' dir='ltr'>tatem</span> <span class='ocrx_word' id='word_1_185' title='bbox 400 3228 487 3299; x_wconf 86' lang='lat' dir='ltr'>satis</span> <span class='ocrx_word' id='word_1_186' title='bbox 505 3249 628 3298; x_wconf 90' lang='lat' dir='ltr'>rarum</span> <span class='ocrx_word' id='word_1_187' title='bbox 645 3225 787 3300; x_wconf 89' lang='lat' dir='ltr'>duobus</span> <span class='ocrx_word' id='word_1_188' title='bbox 805 3225 894 3300; x_wconf 90' lang='lat' dir='ltr'>locis</span> <span class='ocrx_word' id='word_1_189' title='bbox 915 3225 1113 3298; x_wconf 89' lang='lat' dir='ltr'>indubium</span> <span class='ocrx_word' id='word_1_190' title='bbox 1138 3235 1195 3297; x_wconf 88' lang='lat' dir='ltr'>est</span> <span class='ocrx_word' id='word_1_191' title='bbox 1218 3247 1284 3318; x_wconf 87' lang='lat' dir='ltr'>per</span> <span class='ocrx_word' id='word_1_192' title='bbox 1307 3226 1406 3296; x_wconf 81' lang='lat' dir='ltr'>codi-</span> 
     </span>
     <span class='ocr_line' id='line_1_24' title="bbox 270 3341 1404 3451; baseline -0.005 -23"><span class='ocrx_word' id='word_1_193' title='bbox 270 3381 328 3430; x_wconf 88' lang='lat' dir='ltr'>ces</span> <span class='ocrx_word' id='word_1_194' title='bbox 347 3354 373 3426; x_wconf 82' lang='grc' dir='ltr'>Δ</span> <span class='ocrx_word' id='word_1_195' title='bbox 393 3357 428 3428; x_wconf 88' lang='grc'>8.</span> <span class='ocrx_word' id='word_1_196' title='bbox 453 3357 515 3442; x_wconf 93' lang='grc'>17,</span> <span class='ocrx_word' id='word_1_197' title='bbox 541 3355 651 3427; x_wconf 84' lang='lat' dir='ltr'>tertio</span> <span class='ocrx_word' id='word_1_198' title='bbox 678 3359 704 3424; x_wconf 86' lang='grc' dir='ltr'>Δ</span> <span class='ocrx_word' id='word_1_199' title='bbox 723 3356 772 3427; x_wconf 90' lang='grc'>99</span> <span class='ocrx_word' id='word_1_200' title='bbox 800 3351 867 3424; x_wconf 84' lang='grc' dir='ltr'>άπδ</span> <span class='ocrx_word' id='word_1_201' title='bbox 887 3341 1022 3451; x_wconf 81' lang='grc' dir='ltr'><strong>Ἴστρου</strong></span> <span class='ocrx_word' id='word_1_202' title='bbox 1041 3349 1126 3451; x_wconf 80' lang='grc' dir='ltr'>αὕτη</span> <span class='ocrx_word' id='word_1_203' title='bbox 1145 3352 1215 3450; x_wconf 75' lang='grc' dir='ltr'>ἤδη</span> <span class='ocrx_word' id='word_1_204' title='bbox 1234 3353 1258 3450; x_wconf 79' lang='grc' dir='ltr'>η</span> <span class='ocrx_word' id='word_1_205' title='bbox 1277 3349 1404 3450; x_wconf 80' lang='grc' dir='ltr'>ἀρχαίη</span> 
     </span>
     <span class='ocr_line' id='line_1_25' title="bbox 270 3481 1406 3580; baseline -0.002 -26"><span class='ocrx_word' id='word_1_206' title='bbox 270 3483 396 3580; x_wconf 79' lang='grc' dir='ltr'>Σκυθίη</span> <span class='ocrx_word' id='word_1_207' title='bbox 418 3481 488 3554; x_wconf 70' lang='grc' dir='ltr'>ἐστί</span> <span class='ocrx_word' id='word_1_208' title='bbox 512 3491 550 3554; x_wconf 87' lang='lat' dir='ltr'>et</span> <span class='ocrx_word' id='word_1_209' title='bbox 566 3484 811 3556; x_wconf 87' lang='lat' dir='ltr'>necessarium</span> <span class='ocrx_word' id='word_1_210' title='bbox 828 3491 885 3553; x_wconf 89' lang='lat' dir='ltr'>est</span> <span class='ocrx_word' id='word_1_211' title='bbox 902 3491 940 3554; x_wconf 89' lang='lat' dir='ltr'>et</span> <span class='ocrx_word' id='word_1_212' title='bbox 956 3490 1060 3575; x_wconf 85' lang='lat' dir='ltr'>parte</span> <span class='ocrx_word' id='word_1_213' title='bbox 1078 3481 1245 3554; x_wconf 77' lang='lat' dir='ltr'>codicum</span> <span class='ocrx_word' id='word_1_214' title='bbox 1262 3488 1406 3552; x_wconf 74' lang='lat' dir='ltr'>auten-</span> 
     </span>
     <span class='ocr_line' id='line_1_26' title="bbox 205 3607 1407 3704; baseline -0.003 -20"><span class='ocrx_word' id='word_1_215' title='bbox 205 3607 208 3611; x_wconf 73' lang='grc'>’</span> <span class='ocrx_word' id='word_1_216' title='bbox 270 3621 388 3700; x_wconf 86' lang='lat' dir='ltr'>tatur,</span> <span class='ocrx_word' id='word_1_217' title='bbox 427 3611 645 3704; x_wconf 70' lang='lat' dir='ltr'>adeatque</span> <span class='ocrx_word' id='word_1_218' title='bbox 677 3608 723 3682; x_wconf 84' lang='lat' dir='ltr'>ab</span> <span class='ocrx_word' id='word_1_219' title='bbox 758 3612 839 3704; x_wconf 93' lang='lat' dir='ltr'>ipso</span> <span class='ocrx_word' id='word_1_220' title='bbox 870 3607 1057 3682; x_wconf 84' lang='lat' dir='ltr'>Herodoto</span> <span class='ocrx_word' id='word_1_221' title='bbox 1089 3618 1276 3703; x_wconf 89' lang='lat' dir='ltr'>sumptum</span> <span class='ocrx_word' id='word_1_222' title='bbox 1307 3611 1407 3702; x_wconf 87' lang='lat' dir='ltr'>apud</span> 
     </span>
     <span class='ocr_line' id='line_1_27' title="bbox 270 3735 1405 3836; baseline -0.003 -25"><span class='ocrx_word' id='word_1_223' title='bbox 270 3739 499 3834; x_wconf 86' lang='lat' dir='ltr'>Stephanum</span> <span class='ocrx_word' id='word_1_224' title='bbox 518 3763 554 3832; x_wconf 96' lang='lat' dir='ltr'>p.</span> <span class='ocrx_word' id='word_1_225' title='bbox 572 3737 658 3825; x_wconf 83' lang='grc'>578,</span> <span class='ocrx_word' id='word_1_226' title='bbox 676 3739 733 3811; x_wconf 90' lang='grc'>14.</span> <span class='ocrx_word' id='word_1_227' title='bbox 769 3736 970 3836; x_wconf 76' lang='grc' dir='ltr'>Βακτριανοί</span> <span class='ocrx_word' id='word_1_228' title='bbox 986 3735 1099 3810; x_wconf 89' lang='lat' dir='ltr'>semel</span> <span class='ocrx_word' id='word_1_229' title='bbox 1115 3746 1293 3809; x_wconf 84' lang='lat' dir='ltr'>vocantur</span> <span class='ocrx_word' id='word_1_230' title='bbox 1310 3735 1338 3808; x_wconf 90' lang='grc' dir='ltr'>Γ</span> <span class='ocrx_word' id='word_1_231' title='bbox 1357 3739 1405 3808; x_wconf 90' lang='grc'>92</span> 
     </span>
     <span class='ocr_line' id='line_1_28' title="bbox 271 3861 1408 3964; baseline -0.004 -24"><span class='ocrx_word' id='word_1_232' title='bbox 271 3869 335 3963; x_wconf 90' lang='lat' dir='ltr'>qui</span> <span class='ocrx_word' id='word_1_233' title='bbox 361 3867 492 3940; x_wconf 80' lang='lat' dir='ltr'>ceteris</span> <span class='ocrx_word' id='word_1_234' title='bbox 516 3865 604 3940; x_wconf 89' lang='lat' dir='ltr'>locis</span> <span class='ocrx_word' id='word_1_235' title='bbox 629 3877 685 3940; x_wconf 88' lang='lat' dir='ltr'>sat</span> <span class='ocrx_word' id='word_1_236' title='bbox 709 3865 836 3939; x_wconf 90' lang='lat' dir='ltr'>multis</span> <span class='ocrx_word' id='word_1_237' title='bbox 861 3861 1032 3964; x_wconf 84' lang='grc' dir='ltr'>Βάκτριοι.</span> <span class='ocrx_word' id='word_1_238' title='bbox 1083 3873 1227 3938; x_wconf 84' lang='lat' dir='ltr'>tantum</span> <span class='ocrx_word' id='word_1_239' title='bbox 1253 3867 1299 3938; x_wconf 92' lang='lat' dir='ltr'>de</span> <span class='ocrx_word' id='word_1_240' title='bbox 1321 3888 1408 3959; x_wconf 92' lang='lat' dir='ltr'>pro-</span> 
     </span>
     <span class='ocr_line' id='line_1_29' title="bbox 271 3991 1406 4090; baseline -0.004 -22"><span class='ocrx_word' id='word_1_241' title='bbox 271 3997 380 4090; x_wconf 86' lang='lat' dir='ltr'>priis:</span> <span class='ocrx_word' id='word_1_242' title='bbox 399 3997 441 4067; x_wconf 88' lang='lat' dir='ltr'>in</span> <span class='ocrx_word' id='word_1_243' title='bbox 458 3991 692 4090; x_wconf 82' lang='lat' dir='ltr'>appellativis</span> <span class='ocrx_word' id='word_1_244' title='bbox 709 3996 802 4067; x_wconf 83' lang='lat' dir='ltr'>haec</span> <span class='ocrx_word' id='word_1_245' title='bbox 814 3997 1062 4066; x_wconf 82' lang='lat' dir='ltr'>observantur.</span> <span class='ocrx_word' id='word_1_246' title='bbox 1099 3991 1257 4090; x_wconf 70' lang='grc' dir='ltr'>ζορκάδες</span> <span class='ocrx_word' id='word_1_247' title='bbox 1270 3996 1307 4064; x_wconf 93' lang='grc' dir='ltr'><strong>Α</strong></span> <span class='ocrx_word' id='word_1_248' title='bbox 1321 3994 1406 4078; x_wconf 89' lang='grc'>192,</span> 
     </span>
     <span class='ocr_line' id='line_1_30' title="bbox 271 4119 1406 4222; baseline -0.003 -27"><span class='ocrx_word' id='word_1_249' title='bbox 271 4121 427 4222; x_wconf 80' lang='grc' dir='ltr'>δορκάδες</span> <span class='ocrx_word' id='word_1_250' title='bbox 446 4119 478 4194; x_wconf 87' lang='grc' dir='ltr'>Η</span> <span class='ocrx_word' id='word_1_251' title='bbox 497 4123 565 4197; x_wconf 77' lang='grc' dir='ltr'>69ε</span> <span class='ocrx_word' id='word_1_252' title='bbox 585 4125 684 4218; x_wconf 90' lang='lat' dir='ltr'>quod</span> <span class='ocrx_word' id='word_1_253' title='bbox 701 4145 774 4194; x_wconf 91' lang='lat' dir='ltr'>non</span> <span class='ocrx_word' id='word_1_254' title='bbox 794 4120 1008 4195; x_wconf 89' lang='lat' dir='ltr'>admirabile</span> <span class='ocrx_word' id='word_1_255' title='bbox 1025 4122 1066 4194; x_wconf 91' lang='lat' dir='ltr'>in</span> <span class='ocrx_word' id='word_1_256' title='bbox 1083 4144 1171 4194; x_wconf 87' lang='lat' dir='ltr'>voce</span> <span class='ocrx_word' id='word_1_257' title='bbox 1188 4145 1259 4193; x_wconf 92' lang='lat' dir='ltr'>usu</span> <span class='ocrx_word' id='word_1_258' title='bbox 1276 4143 1406 4215; x_wconf 89' lang='lat' dir='ltr'>parum</span> 
     </span>
     <span class='ocr_line' id='line_1_31' title="bbox 273 4249 1409 4347; baseline -0.004 -22"><span class='ocrx_word' id='word_1_259' title='bbox 273 4253 361 4326; x_wconf 88' lang='lat' dir='ltr'>trita</span> <span class='ocrx_word' id='word_1_260' title='bbox 390 4252 554 4346; x_wconf 87' lang='lat' dir='ltr'>locisque</span> <span class='ocrx_word' id='word_1_261' title='bbox 584 4249 693 4347; x_wconf 85' lang='lat' dir='ltr'>longe</span> <span class='ocrx_word' id='word_1_262' title='bbox 724 4251 958 4323; x_wconf 88' lang='lat' dir='ltr'>distantibus.</span> <span class='ocrx_word' id='word_1_263' title='bbox 1009 4259 1159 4322; x_wconf 87' lang='lat' dir='ltr'>atvero</span> <span class='ocrx_word' id='word_1_264' title='bbox 1184 4249 1222 4331; x_wconf 76' lang='grc' dir='ltr'>δς</span> <span class='ocrx_word' id='word_1_265' title='bbox 1246 4273 1329 4322; x_wconf 89' lang='lat' dir='ltr'>oum</span> <span class='ocrx_word' id='word_1_266' title='bbox 1354 4250 1409 4320; x_wconf 91' lang='lat' dir='ltr'>ita</span> 
     </span>
     <span class='ocr_line' id='line_1_32' title="bbox 272 4378 1409 4479; baseline -0.005 -25"><span class='ocrx_word' id='word_1_267' title='bbox 272 4381 415 4476; x_wconf 84' lang='lat' dir='ltr'>legatur</span> <span class='ocrx_word' id='word_1_268' title='bbox 432 4382 593 4475; x_wconf 89' lang='lat' dir='ltr'>septiens</span> <span class='ocrx_word' id='word_1_269' title='bbox 612 4378 770 4464; x_wconf 88' lang='lat' dir='ltr'>deciens,</span> <span class='ocrx_word' id='word_1_270' title='bbox 788 4403 864 4452; x_wconf 92' lang='lat' dir='ltr'>non</span> <span class='ocrx_word' id='word_1_271' title='bbox 882 4378 954 4451; x_wconf 91' lang='lat' dir='ltr'>tuli</span> <span class='ocrx_word' id='word_1_272' title='bbox 966 4381 1003 4450; x_wconf 93' lang='lat' dir='ltr'>A</span> <span class='ocrx_word' id='word_1_273' title='bbox 1017 4378 1065 4451; x_wconf 86' lang='grc'>36</span> <span class='ocrx_word' id='word_1_274' title='bbox 1084 4381 1163 4459; x_wconf 73' lang='lat' dir='ltr'>autc</span> <span class='ocrx_word' id='word_1_275' title='bbox 1180 4386 1299 4479; x_wconf 73' lang='grc' dir='ltr'>χρῆμα</span> <span class='ocrx_word' id='word_1_276' title='bbox 1316 4398 1409 4472; x_wconf 83' lang='lat' dir='ltr'>pau-</span> 
     </span>
     <span class='ocr_line' id='line_1_33' title="bbox 271 4505 1408 4606; baseline -0.005 -22"><span class='ocrx_word' id='word_1_277' title='bbox 271 4533 396 4584; x_wconf 91' lang='lat' dir='ltr'>corum</span> <span class='ocrx_word' id='word_1_278' title='bbox 416 4531 587 4586; x_wconf 86' lang='lat' dir='ltr'>versuum</span> <span class='ocrx_word' id='word_1_279' title='bbox 612 4505 807 4583; x_wconf 86' lang='lat' dir='ltr'>intervallo</span> <span class='ocrx_word' id='word_1_280' title='bbox 832 4508 1041 4580; x_wconf 89' lang='lat' dir='ltr'>diiunctum</span> <span class='ocrx_word' id='word_1_281' title='bbox 1062 4509 1109 4578; x_wconf 86' lang='lat' dir='ltr'>ab</span> <span class='ocrx_word' id='word_1_282' title='bbox 1127 4505 1186 4586; x_wconf 74' lang='grc' dir='ltr'>δδς</span> <span class='ocrx_word' id='word_1_283' title='bbox 1202 4513 1322 4606; x_wconf 81' lang='grc' dir='ltr'>χρῆμα</span> <span class='ocrx_word' id='word_1_284' title='bbox 1340 4528 1408 4578; x_wconf 84' lang='grc' dir='ltr'>οοο</span> 
     </span>
    </p>
   </div>
   <div class='ocr_carea' id='block_1_3' title="bbox 0 0 1598 5092">
    <p class='ocr_par' dir='ltr' id='par_1_4' title="bbox 0 0 1598 5092">
     <span class='ocr_line' id='line_1_34' title="bbox 0 0 1598 5092; baseline 0 0"><span class='ocrx_word' id='word_1_285' title='bbox 0 0 1598 5092; x_wconf 95' lang='lat' dir='ltr'> </span> 
     </span>
    </p>
   </div>
  </div>
 </body>
</html>
