3175 5092
268 361 340 410 nm
761 338 904 398 rmum

266 517 393 590 civitas
429 513 608 589 feminino
646 515 819 588 efferaurr
857 509 963 606 (conf.
997 511 1207 605 Stephanum
1239 511 1325 607 Byz.
1361 511 1401 584 in

270 641 510 741 Ποσσρηόδσι).
556 651 668 738 atque
692 641 761 716 illa
781 639 896 715 semel
918 650 1141 715 memoretur
1162 642 1200 712 A
1223 639 1311 726 158,
1337 638 1403 710 ubi

267 771 385 866 quivis
404 771 516 846 sentit
532 793 609 844 non
625 795 731 865 posse
750 770 836 844 addi
851 769 932 850 τοὺς
948 764 1147 866 Μιλησίιονε
1166 765 1268 840 loeus
1286 775 1328 838 ut
1344 768 1403 840 iu·

266 901 408 974 dicetur
421 901 468 974 ad
481 923 637 995 quorum
650 901 742 974 fines
752 899 946 993 pertineat,
954 895 1255 972 velMilesiorum
1267 919 1403 970 nomen

267 1031 303 1102 A
322 1029 381 1102 92.
402 1029 433 1100 B
455 1029 528 1102 159
546 1025 606 1102 vel
622 1033 685 1127 τῆς
703 1021 878 1124 Μιλησίης
894 1025 1109 1100 adiunctum
1125 1034 1193 1111 eet,
1212 1034 1255 1098 ut
1271 1027 1308 1098 A
1330 1027 1401 1098 157

266 1155 302 1236 ἐς
317 1155 396 1230 θεὸν
415 1152 547 1228 ἀνοῖσαι
564 1157 620 1226 τόν
639 1154 673 1227 ἐν
692 1151 908 1254 Βρσγχίδησι
927 1195 978 1210 -
996 1153 1015 1226 ό
1032 1150 1070 1226 δὲ
1086 1159 1201 1252 χῶρος
1217 1151 1315 1232 οὗτος
1332 1150 1403 1224 ἐστὶ

267 1290 329 1382 τῆς
346 1278 532 1382 Μιλησίης,
552 1284 600 1356 46
619 1291 683 1383 τῆς
701 1277 878 1380 Μιλησίης
895 1280 933 1362 l<
948 1277 1154 1380 Βραγχίδας.

371 1410 564 1485 Adiectiva
580 1417 878 1506 proporoxytonu
892 1409 934 1482 in
950 1433 1019 1488 ειος
1040 1408 1232 1494 exeuntia,
1257 1417 1404 1502 praeter

263 1532 405 1636 Ἀρειος
421 1535 631 1636 ἀνθρώπειος
649 1536 820 1639 βασίλειος
837 1533 1038 1632 (Ποσίδειον)
1061 1537 1102 1610 in
1118 1540 1196 1635 ηιος
1216 1533 1402 1631 ampliata,

267 1674 388 1740 cetere
400 1674 648 1741 extenuantur
661 1664 839 1760 pleraque
855 1665 896 1737 in
913 1689 980 1748 εος,
1001 1687 1077 1738 non
1089 1673 1239 1738 cuncte:
1253 1655 1400 1762 Ἀριμό-

268 1819 371 1874 οπεος
391 1781 580 1892 Ἡράνλεος
599 1779 829 1898 Ὑπερβόρεος
845 1791 1023 1890 ἐπιτήδεος
1045 1788 1266 1890 ἀνεπιτηδεος
1286 1789 1404 1871 τέλεος

268 1923 379 2018 σίηεος
396 1921 496 2021 βόεος
512 1919 689 2021 ὠμοβόεος
706 1919 795 2001 οἴεος
811 1922 948 2017 χήνεος.
975 1919 1110 2014 quibus
1128 1921 1402 2014 adgregandum

268 2048 361 2123 foret
379 2047 518 2147 όινονρόη
546 2045 628 2146 (γῆ),
654 2047 725 2120 nioi
749 2048 829 2119 eius
855 2049 949 2120 finer
970 2056 1007 2119 et
1030 2046 1169 2146 όνειόρεσ
1184 2047 1402 2121 substantie·

269 2171 755 2272 aegrefdiotermiunreutun
781 2177 872 2249 adeo
897 2184 940 2249 ut
963 2176 1025 2271 τὴν
1049 2173 1209 2274 όισιιρὲην
1227 2180 1287 2248 τοῦ
1307 2174 1404 2273 ὄρεος

269 2306 300 2377 Β
319 2305 401 2378 158.
422 2299 454 2374 H
473 2304 543 2376 199
562 2327 639 2376 non
654 2301 867 2398 reliquerim
883 2303 954 2376 nisi
970 2303 1168 2376 admodum
1180 2304 1401 2404 dubitanter.

269 2429 478 2527 Μεμνόνειον
499 2427 529 2504 Ε
549 2433 596 2506 54
615 2455 691 2506 non
709 2441 820 2527 lungo
838 2442 882 2505 ut
898 2431 1097 2526 proprium,
1123 2425 1300 2526 Μεμνόνια
1318 2455 1403 2504 vero

270 2557 300 2632 E
320 2561 366 2634 53
393 2569 432 2634 et
455 2557 490 2632 όν
512 2557 672 2632 Σούσοισι
688 2563 776 2632 τοῖσι
794 2555 1012 2655 Μεμνονίοισι
1035 2555 1068 2629 H
1091 2561 1158 2632 151
1184 2559 1342 2632 invioem
1364 2584 1403 2631 oe

270 2697 430 2764 tuentur.
474 2711 543 2760 nec
560 2710 683 2760 rursus
702 2688 858 2760 dubium
874 2688 914 2763 in
938 2711 1116 2761 consensu
1139 2687 1289 2762 testium
1313 2689 1404 2783 quin

270 2815 421 2897 ἐπέτειος
436 2817 602 2888 immune
616 2817 791 2890 manserit
802 2814 869 2890 illa
881 2815 1071 2889 affectione
1085 2815 1130 2910 (B
1143 2817 1204 2888 25.
1220 2818 1280 2889 92.
1301 2814 1401 2889 Γ89.

271 2947 330 3018 95.
351 2943 453 3018 626.
468 2946 528 3016 62.
549 2940 654 3016 Ε29.
675 2943 801 3017 2105,
822 2941 849 3016 8
868 2943 964 3040 168).
998 2944 1218 3038 ideoquene
1235 2943 1404 3044 ἡμιόνεια

272 3073 420 3168 quidem
437 3075 475 3144 A
497 3072 569 3144 188
587 3080 652 3146 out
669 3070 820 3170 μηλείων
845 3074 883 3144 A
903 3073 977 3146 119
994 3073 1184 3150 movenda.
1230 3072 1405 3146 terminu·

270 3203 378 3274 tionis
403 3225 523 3295 porro,
547 3225 622 3276 non
646 3225 772 3278 oeneus
790 3200 983 3275 discrimen
1005 3200 1116 3274 estin
1134 3197 1351 3298 ἀνθρωπηιος
1368 3207 1407 3272 et

271 3327 491 3429 ἀνθρώποις,
513 3351 668 3422 quanm
686 3326 842 3402 arreum
858 3307 1256 3402 ιοιιιοοιιινισιοιιοι
1269 3353 1305 3423 p.
1320 3329 1404 3414 νιν,

272 3455 493 3551 ἀντιπόλεμνς
517 3453 667 3551 (11236.
689 3453 798 3553 868)
823 3466 862 3530 et
878 3454 1114 3550 ἀντιιεολόμινς
1138 3453 1178 3552 (Δ
1200 3457 1283 3528 134.
1307 3457 1405 3553 149),

270 3587 311 3658 in
333 3609 407 3679 quo
428 3585 466 3656 R
489 3584 671 3679 corrigens
696 3581 919 3679 ἀντιπόλεμος
949 3585 1156 3658 reoentibus
1184 3584 1406 3680 perplacuit,

272 3714 368 3786 siout
383 3711 541 3813 ἀνόλβιος
557 3721 597 3786 et
613 3709 759 3814 ἀνόλβοιι
782 3737 861 3786 unu
874 3714 1025 3808 periodo
1045 3714 1310 3806 emprehenna
1330 3737 1406 3785 uon

271 3841 359 3915 tulit
375 3842 407 3915 is
426 3841 491 3934 qui
510 3840 550 3913 P
563 3841 724 3915 oodioem
741 3841 929 3936 expolitit.
974 3867 1044 3915 neo
1065 3843 1113 3916 ob
1131 3838 1243 3914 ulem
1259 3865 1406 3914 causum

272 3972 313 4043 in
330 3971 494 4042 sordibus
511 3969 723 4042 habendum
741 3980 809 4043 aut
822 3970 959 4052 ξσινίοινς
984 3965 1015 4042 E
1033 3970 1081 4044 63
1107 3979 1174 4042 eut
1193 3969 1277 4065 φίλα
1298 3967 1326 4041 Γ
1344 3973 1405 4044 19.

272 4097 415 4193 οὐδαμοί
427 4099 568 4192 ubique
578 4108 710 4193 regnat
719 4108 863 4193 praeter
878 4096 906 4169 Γ
920 4099 981 4172 26.
1001 4095 1015 4169 l
1031 4099 1094 4185 58,
1110 4098 1177 4172 ubi
1189 4108 1248 4170 ott
1258 4097 1405 4178 οὐδένες.

272 4229 336 4300 sed
360 4251 437 4301 non
461 4224 641 4298 illustrius
664 4235 720 4300 ent
743 4226 957 4322 exemplum
981 4249 1093 4321 quum
1117 4227 1157 4298 in
1181 4229 1252 4300 hoe
1272 4249 1407 4322 genere

273 4379 347 4428 non
372 4353 482 4428 fuerit
507 4355 719 4430 Herodotus
741 4355 894 4450 ineptus
924 4379 1034 4450 quum
1066 4356 1329 4428 udiectivorum
1359 4357 1407 4426 ab

268 4470 399 4564 Ἑλλός
416 4485 664 4556 deductorum.
707 4483 848 4581 γλῶσσα
864 4470 995 4564 ‘Elide
1012 4483 1232 4557 duodeciens
1247 4493 1408 4571 vocatur,
