3175 5092
666 337 810 395 Ρηοίστίο.
1247 359 1308 406 111

172 515 290 602 venit,
304 513 450 610 fuitque
469 517 597 603 codex,
615 517 714 587 unde
732 513 803 587 loci
821 514 879 587 illi
897 513 1069 623 descripti
1087 524 1185 601 sunt,
1200 539 1248 588 ex
1266 538 1311 587 eo

178 667 311 738 genere
330 645 428 738 quod
445 669 545 718 nune
562 642 673 716 ABG
688 653 974 738 repraesentant.

279 774 341 844 44.
370 773 559 845 Parisinus
576 771 825 845 bibliothecae
846 770 1049 867 imperialis
1078 772 1150 846 134
1175 771 1311 867 suppl,

31 893 36 902 ’
177 903 471 988 ινιοννολντοιιοοο,Ι
461 926 502 974 m
520 910 604 987 oct,
630 898 766 974 saeculi
785 901 888 972 XIII
904 899 964 974 vel
982 901 1094 987 XIV,
1121 901 1312 978 continens

175 1027 329 1101 foll-
338 1030 385 1102 32
404 1029 441 1103 ἐκ
457 1036 525 1100 τῶν
544 1029 709 1128 boutema
728 1029 893 1128 ἱστοριῶν,
917 1030 1050 1104 deinde
1067 1027 1106 1100 tx
1121 1035 1188 1100 τῶν
1205 1027 1312 1104 πλον·

176 1184 302 1280 τάρχου
319 1183 562 1283 παραλλήλων
584 1179 762 1279 Διογένους
780 1182 936 1281 besprim
958 1182 995 1256 ἐκ
1019 1209 1039 1254 e
1064 1182 1098 1285 βι
1088 1186 1187 1256 trois
1213 1180 1311 1279 φιλο-

175 1339 302 1434 σόφων,
323 1333 549 1436 Φιλοστράτου
568 1334 605 1408 ἐκ
629 1362 649 1407 τ
675 1335 770 1440 βίων
774 1343 841 1406 τῶν
872 1343 1051 1432 σοφιστῶν.
1115 1333 1271 1432 diligent
1272 1360 1313 1407 er

175 1465 339 1538 excussit
369 1463 509 1565 Heyler
542 1465 645 1537 iussu
671 1463 1029 1560 Schweighaeuseri,
1063 1466 1128 1559 qui
1147 1465 1184 1564 s
1203 1461 1313 1536 litera

175 1594 347 1690 signarit.
392 1594 503 1666 revisi
528 1604 565 1666 et
590 1593 668 1687 ipse
693 1618 760 1666 nec
785 1603 909 1666 tamen
935 1593 1090 1666 adhibui
1112 1593 1184 1665 nisi
1203 1593 1312 1665 raris-

175 1724 280 1794 sime.
329 1721 461 1817 (ABG)

272 1851 339 1928 45.
367 1849 556 1922 Parisinus
575 1848 823 1922 bibliothecae
845 1849 1047 1943 imperialis
1072 1851 1182 1937 1731,
1208 1851 1318 1921 char--

173 1989 300 2052 tacens
332 1979 373 2049 in
403 1988 473 2050 oct.
527 1977 734 2072 subscripta
756 1979 849 2050 haec
874 1987 962 2050 sunt
990 1974 1311 2073 neglegentissime

171 2107 270 2179 sicut
289 2115 424 2180 cetera:
458 2103 649 2204 ἐτελεώθην
668 2106 832 2202 streptu
855 2106 1051 2204 εὐχειρίδιον
1070 2113 1112 2205 τῆ
1131 2105 1208 2199 ἐμοὶ
1225 2107 1312 2202 χειρὶ

173 2233 354 2334 διμητρίοο
371 2234 639 2331 καντακουζηνοῦ
666 2237 726 2304 τοῦ
753 2231 928 2332 βυζαντίου
955 2232 989 2306 ἐν
1014 2241 1081 2303 τῶν
1106 2231 1309 2333 βρετανικῶν

171 2361 284 2433 νόσον.
310 2359 345 2432 ἐν
361 2369 404 2462 τῆ
418 2359 572 2459 πόλειτῇ
589 2357 789 2453 κσλοομένει
804 2359 954 2458 λοῦντρα.
982 2359 1016 2432 ἐν
1034 2361 1114 2459 μηνὶ
1130 2359 1311 2461 ὁκτωβρύον

171 2491 282 2587 τρίτη.
329 2487 424 2568 ἔτους
446 2483 552 2586 ,chuc
571 2483 637 2558 dud
656 2483 700 2585 χ”ο
718 2484 756 2557 δὲ
772 2491 964 2585 γεννήσεως
986 2485 1085 2584 [cuod.

280 2617 341 2689 46.
383 2612 705 2710 Heidelbergensis
736 2611 985 2687 bibliothecae
1008 2614 1199 2689 Palatinae
1226 2617 1310 2704 129,

171 2745 402 2830 chartaceus,
421 2769 512 2817 saec.
528 2745 617 2830 XV,
635 2751 811 2837 excerpta
828 2745 1020 2816 continens
1038 2770 1059 2818 e
1077 2741 1204 2818 multis
1222 2747 1311 2818 scri-

171 2873 343 2966 ptoribus
357 2873 560 2967 poetisque.
592 2871 805 2944 Herodotea
818 2871 935 2944 edidit
946 2872 1104 2945 Creuzer
1117 2873 1157 2944 in
1173 2898 1311 2968 appen-

170 3001 253 3074 dice
273 3002 623 3073 commentationum
641 2999 935 3073 Herodotearum
952 3002 1038 3073 inde
1057 3025 1080 3073 a
1096 3025 1132 3095 p.
1154 3004 1239 3075 425.

277 3333 460 3407 Absolute
477 3333 655 3408 librorum
673 3359 788 3407 manu
804 3335 1025 3429 scriptorum
1044 3360 1209 3423 recensu,
1234 3337 1309 3410 iam

170 3465 482 3560 progrediendum
508 3472 563 3536 est
585 3465 630 3534 ad
655 3462 892 3558 explicandas
910 3489 1049 3552 eorum,
1067 3489 1160 3560 quos
1177 3489 1226 3541 ex
1243 3465 1311 3544 illa

170 3591 414 3666 multitudine
442 3599 485 3664 ut
508 3592 717 3686 potissimos
743 3590 957 3688 selegimus,
987 3593 1147 3688 origines
1176 3619 1310 3690 cogna-

170 3721 379 3814 tionesque.
428 3721 581 3815 quodsi
605 3721 646 3792 in
670 3720 771 3792 omni
795 3745 931 3815 genere
954 3721 1083 3794 critico
1107 3721 1146 3794 id
1169 3724 1309 3816 praeci-

170 3873 291 3943 puum
303 3873 347 3920 ac
358 3873 541 3920 summum
554 3857 621 3937 est,
634 3857 677 3921 ut
689 3847 867 3921 librorum
879 3849 1099 3924 testimoniis
1112 3847 1310 3944 diligenter

170 3976 335 4051 collectis
353 3987 452 4050 certo
468 3977 606 4050 iudicio
624 3965 775 4063 efficias,
788 3975 909 4072 qualis
925 3978 967 4050 in
980 3979 1104 4052 codice
1117 3976 1196 4065 illo,
1209 3981 1309 4056 unde

169 4107 267 4178 hane
292 4128 438 4178 omnem
464 4106 672 4200 prosapiam
696 4106 927 4180 descendisse
951 4130 1097 4180 necesse
1122 4107 1188 4196 sit,
1219 4107 1309 4180 scri·

169 4242 281 4326 ptura
297 4231 411 4307 fuerit
429 4257 470 4306 ae
488 4235 626 4328 species
645 4236 857 4306 verborum:
877 4235 917 4307 id
929 4234 1120 4330 negotium
1132 4235 1172 4308 in
1187 4235 1308 4310 Hero-

169 4363 256 4436 doto
274 4361 469 4458 aliquanto
487 4363 603 4435 tutius
622 4387 664 4434 ac
678 4363 923 4436 confidentius
940 4387 1052 4458 quam
1066 4364 1108 4435 in
1120 4361 1306 4458 plerisque

169 4492 411 4586 scriptoribus
434 4491 573 4585 graecis
599 4491 931 4564 administrabitur:
966 4515 1042 4564 non
1067 4492 1166 4587 quod
1190 4493 1307 4564 maior

1063 4622 1100 4676 b!
