3175 5092
664 335 811 396 Praefatio.
1218 359 1313 408 τινα

171 511 427 608 exemplorum
446 537 565 608 pauca
583 537 686 588 sumo
706 539 748 588 αα
766 513 838 591 sibi
856 514 989 589 vicine.
1037 512 1064 585 Δ
1085 515 1133 590 42
1160 513 1311 589 ἐκπλέειν

170 685 221 698 -
238 641 360 718 ἔπλεον
389 683 436 696 -
465 639 627 723 πλέοντες
653 685 698 698 -
726 640 847 720 ἔπλεον
867 684 919 700 --
937 644 1198 743 περιπλώοντες.
1262 642 1311 718 43

170 770 385 870 περιέπλωσε
395 811 447 828 -
461 765 610 868 ἀνύηιην
627 769 766 848 ἔσεσθαι
780 770 984 868 περιπλώειν
1002 769 1073 854 snt
1089 768 1131 850 ἂν
1150 768 1312 869 ἀπίκηται

169 897 362 997 περιπλέων
382 895 548 973 -ἔπλεε
566 937 612 956 -·
631 898 908 979 διεκπλώσας-
923 897 1088 974 ἔπλεε-ν
1103 896 1251 975 ἀπέπλεε
1263 939 1309 957 -

170 1024 662 1126 παραπλέειν-περιπλῶσαι.
692 1025 1309 1111 89ττλίειν-θιεκπλώσαςέπλεεψ

171 1152 388 1236 ἀναπλώσας.
441 1153 602 1250 simplex
625 1179 668 1229 ac
691 1156 919 1251 primitivum
937 1153 1027 1232 ἄνειν
1046 1167 1312 1253 poetarumque

170 1283 364 1380 proprium
382 1284 526 1378 passive
544 1286 706 1380 positum
724 1294 781 1391 est
798 1287 836 1364 Α
857 1285 941 1364 188.
962 1281 988 1358 θ
1010 1287 1053 1360 71
1076 1287 1188 1384 ἤνετο,
1209 1282 1241 1358 Η
1262 1288 1310 1362 20

172 1409 338 1508 ἀνομένῳ,
360 1437 588 1510 pasagogum
606 1411 718 1488 ἀνύειν
738 1415 859 1492 active
875 1411 951 1490 166
971 1414 1064 1513 ηνοε,
1084 1409 1171 1492 A91
1194 1416 1309 1514 ἤνυσε,

173 1537 198 1613 θ
219 1542 267 1616 98
288 1542 484 1630 κατανύσαι,
503 1539 529 1614 Ζ
547 1544 619 1619 140
638 1545 835 1626 κατανύσας.
871 1541 1114 1639 similiterque
1130 1544 1313 1620 fluctuant

171 1669 282 1750 αὔξειν
302 1677 340 1746 et
358 1667 520 1756 αὐξάνειν,
547 1669 693 1770 πλήθειν
716 1681 754 1750 et
770 1669 951 1771 πληθύειν.
996 1671 1202 1770 singulmia
1223 1683 1312 1748 sunt

172 1795 354 1897 θοκήαειΔ
374 1800 421 1876 74
447 1807 486 1872 et
502 1796 731 1900 δεδύκηταιΗ
756 1801 838 1888 161,
863 1797 1073 1896 frequentia
1096 1799 1250 1876 δέδοκται
1274 1811 1313 1879 et

162 1926 339 2004 ἐδέδοκτο,
385 1951 428 2000 αα
445 1929 491 2004 de
516 1929 576 2004 his
599 1927 696 2004 nihil
721 1937 845 2008 ortum
862 1931 1139 2029 controversiae.
1185 1938 1225 2004 at
1241 1932 1312 2008 im-

170 2065 387 2152 pugnantur
403 2081 479 2134 non
498 2057 572 2134 elio
590 2081 702 2154 quam
719 2058 977 2154 disparilitatis
994 2060 1150 2136 erimine
1167 2060 1312 2137 hetero-

170 2184 259 2262 clita
275 2187 455 2281 quaedam
473 2187 513 2262 in
527 2185 588 2274 s'si,
602 2188 704 2264 haud
718 2188 869 2282 quidem
881 2189 1007 2266 omnia
1019 2189 1117 2266 inter
1130 2213 1169 2267 se
1182 2192 1312 2264 eodem

171 2317 253 2390 iure
270 2323 309 2392 et
327 2317 555 2394 auctoritate.
602 2341 687 2394 nem
708 2319 923 2412 μαχούμενος
947 2320 1048 2414 qued
1064 2327 1195 2411 quater
1212 2318 1313 2415 lege-

169 2444 358 2531 batur,bis
372 2453 577 2526 antestatur
590 2445 746 2524 alterum
759 2469 876 2540 genus
888 2445 1312 2544 codicumffliesiep,

171 2572 284 2648 semel
303 2597 419 2650 unum
437 2575 475 2650 R
500 2572 546 2671 (H
565 2574 665 2670 225),
693 2574 818 2662 semel,
843 2576 884 2652 ni
909 2576 999 2671 quid
1022 2574 1147 2655 oculos
1167 2574 1311 2664 fefellit,

170 2727 288 2780 unum
305 2702 445 2780 Aleum
463 2701 490 2799 (l
511 2704 585 2798 75),
612 2703 677 2800 qui
701 2704 800 2790 idem
828 2702 1070 2804 ὑπερβαλλέιιν
1096 2703 1311 2806 ααρβαλλεύ·

170 2858 270 2926 μενος
294 2833 448 2927 eiusque
472 2833 573 2906 modi
597 2831 671 2904 alia
695 2830 814 2910 multa
838 2834 1056 2928 importavit
1081 2832 1128 2930 (v.
1154 2834 1309 2909 Bredov.

169 2987 205 3057 p.
227 2962 302 3036 364
320 2961 401 3057 sq.).
448 2961 659 3058 μαχέσασθαι
678 2985 775 3048 vero,
802 2968 846 3034 ut
868 2962 940 3038 hoe
964 2964 1085 3040 obiter
1100 2987 1311 3051 memorem,

167 3115 283 3186 quem
308 3091 503 3168 videbatur
534 3091 655 3166 adhuc
680 3091 817 3167 hebere
847 3091 974 3176 fidem,
1007 3117 1052 3166 se
1075 3101 1141 3165 eut
1164 3113 1311 3186 prorsus

169 3220 324 3297 evanuit
341 3228 408 3294 eut
424 3217 515 3296 Aldi
540 3216 624 3306 fuit,
650 3245 734 3296 cum
759 3228 888 3299 contre
905 3220 1122 3318 μαχέσασθαι
1145 3221 1312 3298 omnium

168 3347 246 3428 fere
265 3350 406 3443 ubique
423 3353 581 3426 constet.¹
622 3373 691 3426 nec
716 3348 887 3428 relietum
910 3359 968 3426 est
991 3350 1094 3426 verbi
1111 3353 1196 3444 puri
1222 3350 1310 3424 σινέ-

168 3477 268 3554 εσθαι
283 3459 408 3554 'ullum
426 3478 652 3572 exemplum,
678 3487 874 3574 postquam
899 3503 996 3572 quae
1011 3476 1159 3556 fuerent
1175 3476 1203 3554 Δ
1226 3479 1309 3554 123.

169 3606 265 3684 113.
286 3608 348 3684 49.
371 3607 429 3684 78.
452 3608 512 3683 87.
538 3608 607 3680 120
638 3615 772 3684 cuncta
800 3633 824 3682 a
851 3608 890 3681 R
917 3609 1123 3702 pervicacia
1153 3610 1310 3703 quedam

168 3737 249 3814 loeo
267 3737 437 3833 barytoni
455 3737 621 3828 immisse
637 3759 715 3814 esse
733 3739 919 3832 apparuit,
937 3761 1054 3813 unam
1072 3746 1196 3816 autem
1214 3740 1312 3830 quod

168 3867 363 3944 Bskkerus
391 3891 467 3942 non
499 3864 649 3946 sustulit
673 3863 707 3938 Ε
734 3867 778 3942 81
816 3865 986 3947 iussistis
1015 3875 1054 3942 et
1079 3867 1205 3961 ipsum
1234 3891 1312 3942 eer-

168 4005 309 4072 rectum
327 4005 384 4072 est
400 3995 565 4076 ceratim
584 4017 606 4066 τι
622 3997 655 4070 0
669 4005 708 4070 et
720 3995 758 4068 R
774 4020 843 4089 pro
861 3994 1060 4079 ἐσικνέοντο,
1075 3998 1175 4090 qued
1191 4019 1312 4070 server

171 4135 258 4204 runt
281 4125 368 4204 AB.
429 4127 526 4221 quoti
557 4125 588 4200 si
621 4133 739 4201 totum
770 4123 877 4201 illum
908 4125 1146 4223 perpenderis
1176 4123 1311 4214 locum,

170 4254 424 4336 ἐπιπλώσαντες
452 4253 600 4352 μακρῇσι
634 4255 736 4351 νηυσὶ
768 4251 804 4336 ἐς
831 4255 893 4350 τὴν
928 4248 1080 4352 Ἀττικὴν
1110 4248 1310 4362 (Αἰγινῆται)

173 4385 256 4456 κατὰ
274 4381 335 4477 μὲν
355 4381 478 4481 ἔσυραν
498 4379 659 4479 Φάληρον
676 4379 760 4454 κατὰ
778 4378 817 4456 δὲ
834 4389 896 4480 τῆς
914 4379 1025 4478 ἄλλης
1040 4381 1211 4481 παραλίης
1225 4380 1311 4455 πολ-

173 4509 252 4596 λοὺς
268 4513 410 4612 δήμους,
438 4514 608 4592 ποιεῦντες
633 4507 672 4586 δὲ
697 4515 803 4584 ταῦτα
828 4507 985 4606 ρεηύλώς
1005 4502 1214 4608 Ἀθηναίους
1239 4509 1311 4589 ἐστ·
