3175 5092
658 357 804 425 Praefers
1211 380 1301 424 xxm

168 540 530 618 vacua'manserunt,
550 533 640 604 adeo
659 541 712 619 ut,
737 533 768 604 si
787 531 866 605 illis
880 556 1096 620 careremus,
1115 559 1191 607 non
1208 545 1306 608 esset

167 659 412 756 omninoque
430 660 630 755 genuinam
655 685 698 734 ae
715 661 875 754 priscam
898 660 1096 740 lectionem
1118 667 1165 735 ab
1183 665 1306 736 insiti·

165 787 224 858 cia
248 788 516 882 doctorumque
543 789 704 862 inventis
729 789 1036 862 discerneremus:
1070 793 1169 885 quod
1194 817 1306 886 quam

165 913 241 988 late
260 925 399 1010 pateat,
423 914 521 990 inira
538 919 740 1012 apparebit.
786 943 1010 1012 quamquam
1028 921 1110 1011 ipsa
1127 919 1194 992 illa
1211 922 1307 993 inte·

164 1045 303 1137 gritate
335 1041 473 1118 factum
503 1055 561 1118 est
589 1055 633 1117 ut
662 1045 781 1120 multa
809 1047 1011 1120 resederint
1035 1048 1128 1119 vitia
1155 1046 1307 1135 leviora,

25 1185 27 1202 '
165 1170 295 1266 qualia
319 1168 430 1246 facile
461 1174 630 1268 irrepunt
658 1183 726 1248 aut
755 1173 993 1270 neglegentia
1022 1177 1307 1250 describentium

165 1279 230 1374 aut
252 1301 504 1395 importantur
528 1302 678 1396 ineptiis
704 1303 933 1398 argutiisque
956 1301 1172 1398 legentium,
1197 1305 1307 1401 louge

164 1428 236 1502 illa
268 1429 432 1524 plurima
468 1430 667 1504 ionismum
698 1432 957 1524 depravantia,
988 1440 1032 1504 ut
1061 1430 1194 1531 βασιλεῖ
1219 1433 1309 1506 τέλει

168 1554 316 1655 ἀληθεῖ,
345 1554 503 1656 Θρῃκῶν,
532 1567 597 1630 aut
615 1558 733 1656 μέχρις
752 1555 861 1640 οὕτως
879 1557 944 1655 οὐχ
966 1583 1224 1655 nonnusquam
1242 1584 1310 1656 pro

167 1683 268 1784 μέχρι
289 1683 379 1756 ebro
399 1683 470 1769 οὐκ,
486 1694 524 1760 et
542 1711 689 1780 perraro
706 1711 772 1782 pro
789 1686 1031 1761 multitudine
1048 1688 1309 1762 vocabulorum
1457 1774 1459 1777 v

167 1813 316 1886 hiatum
351 1811 567 1889 iacientium
602 1841 619 1883 ν
655 1815 778 1889 finale.
846 1824 885 1888 et
919 1803 1012 1890 talia
1044 1841 1121 1890 non
1155 1830 1310 1912 possunt

168 1965 243 2014 non
285 1944 459 2014 subnasci
497 1944 588 2037 ipsis
621 1945 764 2018 vicibus
801 1945 1033 2019 describendi
1064 1942 1240 2042 facilique
1272 1959 1310 2021 et

167 2077 248 2143 tuta
272 2094 387 2164 opera
409 2073 653 2167 detergentur.
700 2067 969 2169 graviora2alia
992 2082 1041 2162 et,
1055 2075 1139 2169 ipsa
1162 2072 1239 2149 fere
1263 2081 1309 2150 ed

167 2197 369 2272 dialectum
394 2201 619 2294 pertinentia
643 2210 778 2276 temere
803 2201 982 2297 nulloque
1008 2211 1109 2277 certo
1133 2214 1198 2278 aut
1221 2207 1310 2280 satis

167 2327 354 2400 constanti
393 2327 549 2402 consilio
585 2328 703 2402 inlata
738 2339 844 2404 sunt:
888 2354 1046 2426 quonum
1078 2331 1120 2404 in
1153 2357 1308 2408 numero

168 2456 342 2532 habende
357 2456 527 2550 inprimis
544 2458 646 2532 haud
663 2455 877 2553 infrequens
894 2460 1085 2554 augmenti
1097 2462 1309 2557 temporalis

168 2573 319 2658 omissio
350 2587 618 2680 verborumque
650 2611 826 2682 purorum
850 2588 1069 2674 contractio,
1100 2596 1179 2662 tum
1210 2590 1309 2663 color

168 2714 321 2807 quidam
339 2714 465 2806 epicus
485 2713 547 2786 bic
564 2713 641 2788 illic
658 2739 841 2809 aspersus,
861 2715 1004 2790 velutF
1019 2718 1067 2790 42
1090 2722 1306 2816 κεχαρηότες,

169 2839 194 2912 Δ
222 2843 271 2913 14
298 2839 465 2939 τεθνηὼς,
495 2843 543 2916 26
569 2841 746 2940 τεθνηότα.
800 2853 839 2915 et
861 2845 954 2917 haec
979 2847 1129 2940 quidem
1153 2848 1227 2919 duo
1250 2846 1310 2919 illi

169 2969 239 3042 sibi
259 2969 338 3041 sive
356 2969 497 3042 habent
515 2971 592 3044 sive
609 2971 771 3044 retinent
788 2973 946 3066 propria.

270 3097 371 3174 Nam
402 3097 532 3171 tertius
564 3098 727 3173 eiusdem
758 3101 903 3194 generis
938 3101 971 3173 O
1000 3105 1146 3176 tametsi
1179 3103 1309 3176 aetatis

169 3227 290 3322 spatio
317 3227 363 3297 ab
388 3223 462 3299 illis
489 3227 600 3299 distat
622 3227 766 3298 modico
790 3236 829 3300 et
844 3227 970 3315 habet,
996 3237 1039 3303 ut
1055 3255 1121 3325 par
1139 3239 1205 3317 est,
1223 3231 1309 3325 plu-

168 3357 264 3430 rima
281 3377 366 3428 cum
384 3353 459 3428 illis
477 3356 688 3430 communia
705 3363 743 3430 et
760 3359 859 3430 bona
875 3366 913 3431 et
930 3358 1035 3445 vitia,
1052 3360 1152 3433 haud
1169 3361 1310 3434 medio·

169 3486 220 3558 cri
240 3493 367 3560 tamen
383 3485 522 3558 recedit
539 3483 844 3560 dissimilitudine
861 3485 1040 3561 lectionis.
1086 3488 1127 3560 in
1154 3513 1227 3583 quo
1252 3497 1309 3562 est

169 3613 321 3708 quidem
339 3611 467 3708 aliqua
484 3610 595 3707 culpe
611 3611 766 3688 librarii.
802 3616 867 3688 sed
883 3618 1061 3690 attentius
1079 3617 1112 3690 si
1129 3617 1307 3711 inquiras,

168 3739 287 3816 multo
319 3742 496 3816 maiorem
526 3751 667 3835 partem
697 3765 844 3830 eorum,
877 3745 1012 3839 quibus
1044 3747 1091 3816 ab
1122 3746 1309 3820 communi

167 3895 303 3966 genere
322 3877 522 3964 separatur,
539 3854 698 3964 reperies
715 3895 791 3946 nou
809 3873 1037 3946 describendi
1054 3873 1199 3947 incuria
1210 3898 1308 3946 ccm-

167 4001 328 4088 missam,
347 4001 411 4072 sed
428 4023 452 4070 a
467 4023 580 4074 mauu
599 3998 725 4094 eliqua
742 4003 987 4074 emendatrice
1009 4001 1176 4075 consulto
1192 4003 1308 4076 inter-

168 4127 344 4224 polatam.
397 4128 539 4202 codices
564 4138 687 4202 autem
714 4130 889 4223 quoniam
911 4128 1052 4224 duplici
1068 4131 1212 4204 ratione
1230 4155 1308 4203 cor-

167 4259 237 4354 rigi
260 4255 442 4341 sulebant,
468 4258 599 4330 autad
614 4256 829 4351 exemplum
851 4256 1004 4332 alterius
1029 4259 1095 4353 qui
1120 4268 1309 4352 praestan-

169 4387 238 4463 tior
263 4387 465 4472 videretur‚
490 4394 556 4458 aut
573 4387 627 4458 ita
645 4395 688 4459 ut
713 4394 892 4460 corrector
915 4410 983 4480 pro
1007 4409 1075 4460 suo
1092 4387 1242 4482 ingenio
1264 4412 1308 4459 ac

170 4517 337 4592 doctrina
367 4521 527 4588 mutaret
556 4515 739 4610 quidquid
769 4538 941 4588 mancum
970 4523 1009 4590 et
1037 4514 1212 4588 vitiosum
1242 4523 1310 4590 aut
