3175 5092
744 317 940 382 ..Λ-

270 494 309 568 ἀν
328 494 508 593 ἀποκτείνῃ
527 493 694 594 βασιλεύς,
712 495 840 564 τούτων
857 491 938 566 οὐδὲ
952 494 1032 574 τοὺς
1047 494 1171 573 παῖδας
1186 493 1303 575 λείπει,
1321 489 1412 563 ἀλλὰ

268 615 377 688 πάντα
395 611 436 686 τὰ
453 611 574 712 ἔρσενα
593 617 722 696 κτείνει,
742 610 783 684 τὰ
802 611 839 684 δέ
855 611 969 712 θήλεα
986 612 1047 684 ούκ
1064 610 1199 686 ἀδικέει.

216 749 258 810 70
339 729 459 834 Ὅρκια
478 729 515 804 δὲ
532 737 704 806 ποιεῦνται
722 729 853 806 Σκύθαι
869 730 939 806 ὧδε
954 733 1040 832 πρὸς
1057 731 1137 812 τοὺς
1154 729 1193 804 ἂν
1212 733 1406 806 ποιέωνται.

269 855 305 937 ές
323 854 442 927 κύλικα
461 853 614 951 μεγάλην
641 856 823 951 κεραμίνην
850 850 940 926 οἶνον
966 852 1144 950 ἐγχέαντες
1168 849 1255 947 αἷμα
1282 857 1408 947 συμμί-

270 1000 387 1073 σγουσι
408 982 475 1046 τῶν
493 975 530 1047 τὸ
549 974 660 1072 ύρκιον
680 972 911 1066 ταμνομένων,
930 971 1093 1070 τύψαντες
1110 971 1231 1045 ὑπέατι
1247 971 1271 1070 ή
1290 972 1407 1046 ἐπιτα-
1430 1005 1449 1054 5

271 1099 390 1190 μύντες
409 1098 561 1192 μαχαίρῃ
581 1096 722 1190 σμικρὸν
739 1097 799 1164 τού
817 1097 977 1187 σώματος
999 1092 1055 1162 καὶ
1072 1089 1189 1164 ἔπειτα
1207 1088 1408 1193 ἀποβάψαν-

269 1241 323 1296 τες
354 1213 390 1294 ἐς
420 1217 481 1313 τήν
514 1212 631 1285 κύλικα
661 1209 822 1312 ἀκινάκην
849 1214 905 1286 καὶ
935 1211 1066 1292 ὀιστούς
1096 1214 1153 1283 καὶ
1184 1212 1323 1311 σάγαριν
1353 1214 1409 1286 καὶ

270 1332 443 1407 ἀκόντιον·
478 1331 577 1406 ἐπεὰν
601 1330 638 1404 δὲ
663 1338 767 1406 ταῦτα
790 1337 961 1433 ποιήσωσι
978 1332 1197 1429 κατεύχονται
1214 1330 1327 1405 πολλά
1353 1334 1410 1420 καί

270 1452 386 1526 ’ἔπειτα
411 1449 609 1525 ἀποπίνουσι
634 1451 731 1525 αὐτοί
754 1478 790 1526 τε
816 1452 848 1524 σί
864 1453 903 1524 τὸ
921 1453 1031 1551 ύρκιον
1052 1453 1243 1545 ποιεύμενοι
1270 1455 1409 1524 καὶτῶν

271 1571 446 1666 ἑπομένων
467 1571 498 1644 οἱ
515 1568 673 1644 πλείστου
691 1568 786 1652 ἄξιοι.
1433 1597 1469 1648 1⁰
1580 1566 1581 1611 ι

216 1698 251 1758 71
347 1689 458 1790 Ταφαὶ
484 1687 522 1763 δὲ
545 1695 612 1760 τῶν
639 1689 807 1791 βασιλέων
831 1691 867 1766 ἐν
886 1690 1040 1792 Γέρροισί
1064 1694 1128 1766 είσι
1153 1691 1238 1788 [έςθ
1259 1693 1277 1763 ύ
1295 1689 1410 1791 Βορυ-
1530 1741 1539 1757 -
1580 1666 1581 1681 ἀ

271 1811 396 1911 σθένης
422 1811 493 1884 ἐστὶ
517 1808 772 1909 προσπλωτύς]·
801 1810 960 1896 ἐνθαῦτα,
989 1812 1090 1886 ἐπεάν
1117 1837 1177 1910 σφι
1201 1808 1360 1910 ἀποθάνη
1391 1811 1411 1882 ά

272 1932 437 2034 βασιλεύς,
467 1930 596 2030 ὄρυγμα
619 1936 684 2030 γής
708 1927 797 2028 μέγα
823 1929 1003 2028 ὀρύσσουσι
1026 1931 1244 2031 τετράγωνον,
1274 1929 1409 2026 έτοιμαν

271 2053 308 2126 δὲ
326 2055 424 2124 τούτο
441 2052 646 2150 ποιήσαντες
664 2045 938 2150 ἀναλαμβάνουσι
955 2053 1012 2122 τὸν
1028 2055 1152 2151 νεκράν,
1171 2076 1410 2151 κατακεκηρω-

272 2174 373 2269 μένον
393 2170 453 2265 μὲν
472 2174 510 2242 τὸ
529 2175 641 2264 σῶμα,
666 2172 727 2269 τήν
747 2167 785 2240 δέ
803 2170 908 2269 νηδύν
926 2167 1187 2269 ἀνασχισθεῖσαν
1205 2174 1261 2244 καί
1278 2171 1410 2271 καθαρ·
1431 2195 1468 2248 15

270 2293 400 2374 θεῖσαν,
420 2289 530 2388 πλέην
549 2289 694 2389 κυπέρου
711 2290 917 2384 κεκομμένου
939 2292 995 2362 καὶ
1011 2289 1226 2388 θυμιήματος
1244 2293 1299 2363 καὶ
1316 2291 1411 2364 σελί-

270 2439 329 2484 νου
362 2410 553 2510 σπέρματος
586 2413 639 2483 καὶ
672 2407 835 2508 ἀννήσου,
873 2408 1150 2509 συνερραμμένην
1187 2409 1315 2489 ὀπίσω,
1354 2415 1411 2484 καί

272 2532 445 2627 κομίζουσι
463 2529 497 2602 έν
517 2527 629 2628 άμάξη
650 2529 685 2611 ἐς
703 2527 787 2602 ἄλλο
813 2526 921 2609 ἔθνος.
968 2527 1001 2601 οἳ
1024 2526 1063 2602 δέ
1091 2525 1131 2600 ἀν
1156 2529 1412 2628 παραδέξωνται

273 2650 476 2746 κομισθέντα
495 2651 550 2721 τὸν
569 2652 696 2748 νεκράν,
723 2653 856 2722 ποιεύσι
880 2647 923 2720 τά
939 2673 1002 2748 περ
1021 2652 1053 2722 οί
1071 2648 1244 2750 βασιλήιοι
1260 2647 1408 2724 Σκύθαι·

271 2777 330 2844 τού
359 2773 446 2850 ιύτὸς
474 2765 742 2862 ἀποτάμνονται,
783 2773 900 2868 τρίχας
931 2773 1188 2868 περικείρονται,
1227 2769 1410 2870 βραχίονας
1428 2790 1466 2842 συ

271 2890 549 2989 περιτάμνονται,
579 2887 734 2982 μέτωπον
764 2890 819 2960 καὶ
845 2888 918 2987 βῖνα
942 2891 1229 2984 καταμύσσονται,
1262 2889 1319 2962 διὰ
1347 2897 1411 2991 τής

272 3009 450 3110 ἀριστερῆς
476 3011 589 3106 χειρὸς
617 3007 749 3089 ὀιστοὺς
774 3007 1015 3109 διαβυνέονται.
1067 3008 1220 3080 ἐνθεῦτεν
1245 3007 1284 3082 δὲ
1311 3016 1408 3105 κομί-

272 3132 365 3212 ζουσι
385 3129 418 3201 ’ἐν
437 3130 480 3228 τή
500 3125 611 3225 άμάξη
631 3132 690 3198 τοῦ
709 3126 868 3228 βασιλέος
885 3129 940 3199 τὸν
957 3128 1052 3200 νέκυν
1068 3127 1104 3209 ές
1121 3127 1207 3200 ἀλλο
1225 3129 1325 3211 ἔθνος
1341 3137 1408 3202 τῶν

272 3249 432 3348 ἄρχουσι·
462 3247 493 3319 οἱ
512 3247 549 3318 δέ
568 3271 627 3344 σφι
646 3245 783 3320 ἕπονται
801 3246 838 3328 ές
861 3247 939 3328 τοὺς
960 3250 1124 3346 πρότερον
1144 3247 1263 3347 ήλθον.
1307 3248 1409 3322 έπεὰν

276 3449 367 3456 ..u-..—
374 3447 578 3456 -—-—--.-—

374 3558 398 3608 ι.
417 3515 556 3608 Polluxx
571 3553 619 3605 τοο

325 3725 542 3780 1.ἀποκτείνοια
582 3729 593 3790 ΙΙ
634 3723 775 3778 τουτέωντ
816 3726 828 3789 ΙΙ
868 3727 893 3779 3.
914 3725 1042 3778 ποιέονται
1056 3728 1083 3780 Β
1124 3728 1135 3790 ΙΙ
1176 3729 1200 3778 ί.
1221 3727 1356 3799 ἐκχέαντες
1369 3731 1406 3796 Β,

271 3797 404 3870 ἐσχέαντες
418 3797 445 3850 R
474 3799 485 3862 11
515 3798 538 3848 5.
559 3795 591 3847 τὰ
604 3795 677 3866 ύρκια
690 3795 757 3848 ΡΗκ
786 3795 798 3860 ΙΙ
825 3791 943 3862 ύπέατιῆ
957 3793 1086 3848 Lobeck=
1100 3794 1303 3867 υπέατιηιΑΒ,
1318 3797 1408 3851 ὑπέατι

270 3859 378 3936 ma,
393 3863 499 3936 ύπεατίη
513 3866 538 3930 d,
560 3863 675 3934 έπέατίηι
690 3865 718 3918 0.
734 3862 850 3932 άπέατιῆ
863 3861 899 3918 Is.
910 3863 1025 3918 Vossius
1048 3865 1059 3928 ΙΙ
1083 3863 1263 3933 ἐπιτέμνοντες
1274 3868 1373 3921 ΑΒύίί
1393 3871 1405 3933 Ι

272 3939 296 3988 6.
319 3937 495 4006 μικρὸνΑΒά
523 3935 533 3998 ΙΙ
563 3935 586 3984 ί.
608 3933 634 3991 ές
648 3950 701 3986 om.
715 3935 784 4002 Bpr.
817 3935 828 3996 ΙΙ
857 3931 1004 3986 ἀκινάκεαε
1028 3934 1040 3998 ΙΙ
1063 3933 1142 4004 σάγγα
1158 3933 1221 3986 ινΙί
1244 3937 1255 4000 ΙΙ
1283 3937 1307 3988 8.
1327 3955 1408 3989 κατα-

270 4005 421 4077 χεύανταιά
460 4006 471 4068 ΙΙ
515 4004 554 4053 11.
575 4001 730 4123 βασιλήωνσ
759 4003 769 4066 ΙΙ
799 4001 910 4073 γέρροισι
926 3999 974 4053 εἰσὶ
992 4003 1034 4054 Rz
1063 4003 1075 4066 ΙΙ
1104 3952 1184 4061 έςθ-
1200 4004 1408 4076 12πρσσπλωτὸς

271 4071 393 4143 separavi
416 4075 427 4137 11
455 4073 493 4124 13.
509 4070 649 4139 ἑτοῖμσνθ
671 4071 702 4123 άα
725 4073 735 4136 ΙΙ
763 4071 793 4120 14
817 4088 953 4122 κατακεκει
970 4070 1101 4139 σιμένυνά
1119 4074 1130 4136 ΙΙ
1156 4073 1195 4123 15.
1210 4071 1408 4145 καθαρισθεῖσαν

274 4146 299 4198 0
322 4146 334 4208 ΙΙ
367 4145 406 4194 16.
426 4139 610 4210 κεκομένουΕ
638 4141 650 4204 11
681 4139 810 4209 μνήματος
821 4141 858 4192 Αι
886 4143 899 4205 ss
933 4089 972 4191 λέ.
993 4139 1136 4210 σπέρματος
1149 4144 1247 4195 om.R
1273 4147 1284 4208 ΙΙ
1311 4143 1408 4212 ἀνήσου

270 4232 284 4265 κ
308 4216 318 4277 ΙΙ
342 4210 533 4284 συνεραμμὲνην
546 4214 580 4275 Α,
595 4207 804 4281 συρρεραμμένην
815 4209 853 4275 Β,
867 4207 1096 4282 συββεραμένηνθ
1121 4212 1132 4274 11
1161 4210 1271 4265 κτίσαι.
1284 4213 1405 4277 ΑΒΰιίκ,

271 4305 316 4404 καί
329 4349 467 4416 1²¹,:-1‘·u
497 4352 508 4413 u
541 4350 578 4399 18.
600 4346 728 4470 άμάῗίά
756 4348 768 4411 11
798 4339 900 4410 θ’θίί)
932 4347 944 4410 ΙΙ
979 4349 1022 4400 ²0.
1041 4347 1408 4431 τρίχας-ἳίπεριτύμνονται

272 4437 327 4474 om.
342 4419 441 4473 ABOd
462 4419 474 4483 ΙΙ
498 4419 539 4470 21.
558 4423 606 4486 τῆς
618 4435 645 4468 τε
685 4417 726 4469 Ιζτ
749 4418 760 4482 ΙΙ
784 4417 827 4468 ’λ’ὶ.
845 4417 947 4488 χεὸςπ
969 4418 981 4481 ΙΙ
1005 4418 1047 4468 23.
1067 4434 1100 4487 τη
1114 4433 1170 4469 om.
1186 4417 1246 4472 01²2
1269 4422 1280 4483 ΙΙ
1303 4420 1407 4478 έςάὶλα

273 4487 347 4548 ἔθνος
358 4489 401 4540 τὸν
413 4487 488 4541 νέκυν
499 4491 545 4540 τοῦ
558 4485 675 4558 βασιλέυς
687 4485 734 4552 Ρι,
749 4483 775 4545 ές
788 4483 853 4539 ἄλλο
951 4485 995 4541 τὸν
1006 4483 1081 4540 νέκυν
1094 4485 1209 4544 αἰτιατοῦ
1221 4485 1338 4560 βασιλέος
1352 4491 1378 4546 0
