<?xml version="1.0" encoding="UTF-8"?>
<!DOCTYPE html PUBLIC "-//W3C//DTD XHTML 1.0 Transitional//EN"
    "http://www.w3.org/TR/xhtml1/DTD/xhtml1-transitional.dtd">
<html xmlns="http://www.w3.org/1999/xhtml" xml:lang="en" lang="en">
 <head>
  <title>
</title>
<meta http-equiv="Content-Type" content="text/html;charset=utf-8" />
  <meta name='ocr-system' content='tesseract 3.04.00' />
  <meta name='ocr-capabilities' content='ocr_page ocr_carea ocr_par ocr_line ocrx_word'/>
</head>
<body>
  <div class='ocr_page' id='page_1' title='image "./herodotihistori01steigoog_0038.png"; bbox 0 0 3175 5092; ppageno 0'>
   <div class='ocr_carea' id='block_1_1' title="bbox 0 0 3 537">
    <p class='ocr_par' dir='ltr' id='par_1_1' title="bbox 0 0 3 537">
     <span class='ocr_line' id='line_1_1' title="bbox 0 0 3 537; baseline 0 0"><span class='ocrx_word' id='word_1_1' title='bbox 0 0 3 537; x_wconf 95' lang='lat' dir='ltr'> </span> 
     </span>
    </p>
   </div>
   <div class='ocr_carea' id='block_1_2' title="bbox 270 358 910 422">
    <p class='ocr_par' dir='ltr' id='par_1_2' title="bbox 270 358 910 422">
     <span class='ocr_line' id='line_1_2' title="bbox 270 358 910 422; baseline 0.005 -10"><span class='ocrx_word' id='word_1_2' title='bbox 270 375 367 422; x_wconf 73' lang='lat' dir='ltr'>mn</span> <span class='ocrx_word' id='word_1_3' title='bbox 765 358 910 416; x_wconf 77' lang='lat' dir='ltr'>Praefatio.</span> 
     </span>
    </p>
   </div>
   <div class='ocr_carea' id='block_1_3' title="bbox 261 531 1405 4615">
    <p class='ocr_par' dir='ltr' id='par_1_3' title="bbox 261 531 1405 4615">
     <span class='ocr_line' id='line_1_3' title="bbox 270 531 1405 632; baseline 0.008 -30"><span class='ocrx_word' id='word_1_4' title='bbox 270 533 391 626; x_wconf 87' lang='lat' dir='ltr'>ipsum</span> <span class='ocrx_word' id='word_1_5' title='bbox 409 531 523 606; x_wconf 86' lang='lat' dir='ltr'>fuerit</span> <span class='ocrx_word' id='word_1_6' title='bbox 540 535 581 605; x_wconf 91' lang='lat' dir='ltr'>in</span> <span class='ocrx_word' id='word_1_7' title='bbox 598 535 797 632; x_wconf 86' lang='lat' dir='ltr'>archetypo</span> <span class='ocrx_word' id='word_1_8' title='bbox 816 536 889 632; x_wconf 77' lang='lat' dir='ltr'>(ll):</span> <span class='ocrx_word' id='word_1_9' title='bbox 908 547 1036 610; x_wconf 91' lang='lat' dir='ltr'>contra</span> <span class='ocrx_word' id='word_1_10' title='bbox 1053 538 1235 632; x_wconf 90' lang='lat' dir='ltr'>quidquid</span> <span class='ocrx_word' id='word_1_11' title='bbox 1252 561 1348 610; x_wconf 90' lang='lat' dir='ltr'>unns</span> <span class='ocrx_word' id='word_1_12' title='bbox 1366 539 1405 610; x_wconf 82' lang='lat' dir='ltr'><em>R</em></span> 
     </span>
     <span class='ocr_line' id='line_1_4' title="bbox 270 662 1233 744; baseline 0.005 -12"><span class='ocrx_word' id='word_1_13' title='bbox 270 662 407 744; x_wconf 85' lang='lat' dir='ltr'>offerat,</span> <span class='ocrx_word' id='word_1_14' title='bbox 426 663 467 734; x_wconf 93' lang='lat' dir='ltr'>id</span> <span class='ocrx_word' id='word_1_15' title='bbox 485 686 592 736; x_wconf 89' lang='lat' dir='ltr'>omne</span> <span class='ocrx_word' id='word_1_16' title='bbox 611 665 660 736; x_wconf 86' lang='lat' dir='ltr'>sit</span> <span class='ocrx_word' id='word_1_17' title='bbox 676 675 741 738; x_wconf 91' lang='lat' dir='ltr'>aut</span> <span class='ocrx_word' id='word_1_18' title='bbox 758 673 961 738; x_wconf 88' lang='lat' dir='ltr'>correctum</span> <span class='ocrx_word' id='word_1_19' title='bbox 979 674 1045 738; x_wconf 88' lang='lat' dir='ltr'>aut</span> <span class='ocrx_word' id='word_1_20' title='bbox 1061 675 1233 740; x_wconf 87' lang='lat' dir='ltr'>erratum.</span> 
     </span>
     <span class='ocr_line' id='line_1_5' title="bbox 370 791 1404 891; baseline 0.006 -29"><span class='ocrx_word' id='word_1_21' title='bbox 370 791 527 866; x_wconf 85' lang='lat' dir='ltr'>Brevius</span> <span class='ocrx_word' id='word_1_22' title='bbox 545 793 619 864; x_wconf 91' lang='lat' dir='ltr'>iam</span> <span class='ocrx_word' id='word_1_23' title='bbox 638 795 683 866; x_wconf 90' lang='lat' dir='ltr'>de</span> <span class='ocrx_word' id='word_1_24' title='bbox 701 792 854 888; x_wconf 89' lang='lat' dir='ltr'>reliquis</span> <span class='ocrx_word' id='word_1_25' title='bbox 872 797 1077 889; x_wconf 83' lang='lat' dir='ltr'>expediam.</span> <span class='ocrx_word' id='word_1_26' title='bbox 1119 795 1159 867; x_wconf 94' lang='lat' dir='ltr'><strong><em>P</em></strong></span> <span class='ocrx_word' id='word_1_27' title='bbox 1172 796 1285 883; x_wconf 88' lang='lat' dir='ltr'>enim,</span> <span class='ocrx_word' id='word_1_28' title='bbox 1303 807 1404 891; x_wconf 86' lang='lat' dir='ltr'>post-</span> 
     </span>
     <span class='ocr_line' id='line_1_6' title="bbox 270 919 1402 1019; baseline 0.006 -29"><span class='ocrx_word' id='word_1_29' title='bbox 270 943 380 1013; x_wconf 90' lang='lat' dir='ltr'>quam</span> <span class='ocrx_word' id='word_1_30' title='bbox 398 921 522 992; x_wconf 88' lang='lat' dir='ltr'>statim</span> <span class='ocrx_word' id='word_1_31' title='bbox 535 945 558 992; x_wconf 89' lang='lat' dir='ltr'>a</span> <span class='ocrx_word' id='word_1_32' title='bbox 570 919 673 994; x_wconf 86' lang='lat' dir='ltr'>fonte</span> <span class='ocrx_word' id='word_1_33' title='bbox 690 945 756 994; x_wconf 87' lang='lat' dir='ltr'>suo</span> <span class='ocrx_word' id='word_1_34' title='bbox 771 921 840 1019; x_wconf 61' lang='grc' dir='ltr'>(Θ)</span> <span class='ocrx_word' id='word_1_35' title='bbox 858 933 1046 1018; x_wconf 81' lang='lat' dir='ltr'>receperat</span> <span class='ocrx_word' id='word_1_36' title='bbox 1062 921 1259 1017; x_wconf 87' lang='lat' dir='ltr'>plmimam</span> <span class='ocrx_word' id='word_1_37' title='bbox 1275 948 1402 997; x_wconf 90' lang='lat' dir='ltr'>eorum</span> 
     </span>
     <span class='ocr_line' id='line_1_7' title="bbox 269 1053 1403 1146; baseline 0.007 -27"><span class='ocrx_word' id='word_1_38' title='bbox 269 1058 422 1142; x_wconf 86' lang='lat' dir='ltr'>partem,</span> <span class='ocrx_word' id='word_1_39' title='bbox 449 1074 544 1145; x_wconf 91' lang='lat' dir='ltr'>quae</span> <span class='ocrx_word' id='word_1_40' title='bbox 569 1075 592 1120; x_wconf 92' lang='lat' dir='ltr'>a</span> <span class='ocrx_word' id='word_1_41' title='bbox 608 1060 810 1124; x_wconf 87' lang='lat' dir='ltr'>correctore</span> <span class='ocrx_word' id='word_1_42' title='bbox 830 1053 864 1123; x_wconf 82' lang='grc'><em>0</em></span> <span class='ocrx_word' id='word_1_43' title='bbox 885 1053 1082 1146; x_wconf 74' lang='lat' dir='ltr'>importata</span> <span class='ocrx_word' id='word_1_44' title='bbox 1106 1053 1279 1141; x_wconf 80' lang='lat' dir='ltr'>diximus,</span> <span class='ocrx_word' id='word_1_45' title='bbox 1305 1055 1403 1127; x_wconf 90' lang='lat' dir='ltr'>idem</span> 
     </span>
     <span class='ocr_line' id='line_1_8' title="bbox 269 1177 1403 1276; baseline 0.007 -30"><span class='ocrx_word' id='word_1_46' title='bbox 269 1177 379 1248; x_wconf 92' lang='lat' dir='ltr'>homo</span> <span class='ocrx_word' id='word_1_47' title='bbox 398 1179 463 1271; x_wconf 90' lang='lat' dir='ltr'>qui</span> <span class='ocrx_word' id='word_1_48' title='bbox 487 1179 632 1273; x_wconf 78' lang='lat' dir='ltr'>scripsit</span> <span class='ocrx_word' id='word_1_49' title='bbox 655 1181 788 1251; x_wconf 87' lang='lat' dir='ltr'>iterata</span> <span class='ocrx_word' id='word_1_50' title='bbox 809 1203 898 1252; x_wconf 90' lang='lat' dir='ltr'>eura</span> <span class='ocrx_word' id='word_1_51' title='bbox 921 1180 974 1252; x_wconf 88' lang='lat' dir='ltr'>ita</span> <span class='ocrx_word' id='word_1_52' title='bbox 997 1182 1206 1254; x_wconf 83' lang='lat' dir='ltr'>retractavit</span> <span class='ocrx_word' id='word_1_53' title='bbox 1228 1191 1283 1266; x_wconf 89' lang='lat' dir='ltr'>ut,</span> <span class='ocrx_word' id='word_1_54' title='bbox 1309 1207 1403 1276; x_wconf 88' lang='lat' dir='ltr'>quae</span> 
     </span>
     <span class='ocr_line' id='line_1_9' title="bbox 267 1305 1404 1403; baseline 0.005 -26"><span class='ocrx_word' id='word_1_55' title='bbox 267 1305 409 1378; x_wconf 85' lang='lat' dir='ltr'>videret</span> <span class='ocrx_word' id='word_1_56' title='bbox 425 1306 467 1378; x_wconf 92' lang='lat' dir='ltr'>in</span> <span class='ocrx_word' id='word_1_57' title='bbox 484 1305 566 1380; x_wconf 86' lang='lat' dir='ltr'>aliis</span> <span class='ocrx_word' id='word_1_58' title='bbox 584 1306 763 1401; x_wconf 88' lang='lat' dir='ltr'>exemplis</span> <span class='ocrx_word' id='word_1_59' title='bbox 782 1306 840 1381; x_wconf 90' lang='lat' dir='ltr'>vel</span> <span class='ocrx_word' id='word_1_60' title='bbox 857 1307 990 1380; x_wconf 86' lang='lat' dir='ltr'>melius</span> <span class='ocrx_word' id='word_1_61' title='bbox 1012 1307 1071 1382; x_wconf 88' lang='lat' dir='ltr'>vel</span> <span class='ocrx_word' id='word_1_62' title='bbox 1096 1333 1170 1381; x_wconf 93' lang='lat' dir='ltr'>non</span> <span class='ocrx_word' id='word_1_63' title='bbox 1191 1311 1297 1403; x_wconf 87' lang='lat' dir='ltr'>peius</span> <span class='ocrx_word' id='word_1_64' title='bbox 1315 1312 1404 1382; x_wconf 86' lang='lat' dir='ltr'>scri-</span> 
     </span>
     <span class='ocr_line' id='line_1_10' title="bbox 268 1433 1404 1531; baseline 0.005 -27"><span class='ocrx_word' id='word_1_65' title='bbox 268 1443 343 1526; x_wconf 89' lang='lat' dir='ltr'>pta,</span> <span class='ocrx_word' id='word_1_66' title='bbox 363 1443 428 1506; x_wconf 89' lang='lat' dir='ltr'>aut</span> <span class='ocrx_word' id='word_1_67' title='bbox 445 1433 629 1507; x_wconf 87' lang='lat' dir='ltr'>sufficeret</span> <span class='ocrx_word' id='word_1_68' title='bbox 646 1436 762 1528; x_wconf 85' lang='lat' dir='ltr'>priori</span> <span class='ocrx_word' id='word_1_69' title='bbox 780 1437 983 1531; x_wconf 81' lang='lat' dir='ltr'>scripturae</span> <span class='ocrx_word' id='word_1_70' title='bbox 1001 1439 1162 1510; x_wconf 90' lang='lat' dir='ltr'>radendo</span> <span class='ocrx_word' id='word_1_71' title='bbox 1180 1436 1320 1511; x_wconf 76' lang='lat' dir='ltr'>deletae</span> <span class='ocrx_word' id='word_1_72' title='bbox 1338 1448 1404 1512; x_wconf 88' lang='lat' dir='ltr'>ant</span> 
     </span>
     <span class='ocr_line' id='line_1_11' title="bbox 267 1562 1402 1655; baseline 0.007 -23"><span class='ocrx_word' id='word_1_73' title='bbox 267 1563 367 1633; x_wconf 91' lang='lat' dir='ltr'>intra</span> <span class='ocrx_word' id='word_1_74' title='bbox 379 1585 504 1635; x_wconf 88' lang='lat' dir='ltr'>versus</span> <span class='ocrx_word' id='word_1_75' title='bbox 518 1562 578 1636; x_wconf 88' lang='lat' dir='ltr'>vel</span> <span class='ocrx_word' id='word_1_76' title='bbox 590 1573 696 1655; x_wconf 85' lang='lat' dir='ltr'>extra</span> <span class='ocrx_word' id='word_1_77' title='bbox 712 1566 945 1637; x_wconf 89' lang='lat' dir='ltr'>adscriberet.</span> <span class='ocrx_word' id='word_1_78' title='bbox 978 1565 1032 1638; x_wconf 87' lang='lat' dir='ltr'>ita</span> <span class='ocrx_word' id='word_1_79' title='bbox 1043 1564 1194 1654; x_wconf 83' lang='lat' dir='ltr'>factum,</span> <span class='ocrx_word' id='word_1_80' title='bbox 1213 1577 1256 1640; x_wconf 89' lang='lat' dir='ltr'>ut</span> <span class='ocrx_word' id='word_1_81' title='bbox 1268 1570 1402 1640; x_wconf 89' lang='lat' dir='ltr'>totiens</span> 
     </span>
     <span class='ocr_line' id='line_1_12' title="bbox 268 1690 1401 1793; baseline 0.007 -33"><span class='ocrx_word' id='word_1_82' title='bbox 268 1690 380 1763; x_wconf 87' lang='lat' dir='ltr'>huius</span> <span class='ocrx_word' id='word_1_83' title='bbox 398 1691 532 1764; x_wconf 89' lang='lat' dir='ltr'>codicis</span> <span class='ocrx_word' id='word_1_84' title='bbox 549 1693 631 1786; x_wconf 86' lang='lat' dir='ltr'>ipse</span> <span class='ocrx_word' id='word_1_85' title='bbox 650 1699 772 1766; x_wconf 86' lang='lat' dir='ltr'>textus</span> <span class='ocrx_word' id='word_1_86' title='bbox 791 1693 872 1790; x_wconf 58' lang='lat' dir='ltr'>(Pr)</span> <span class='ocrx_word' id='word_1_87' title='bbox 890 1691 949 1768; x_wconf 84' lang='lat' dir='ltr'>rel</span> <span class='ocrx_word' id='word_1_88' title='bbox 967 1695 1147 1789; x_wconf 87' lang='lat' dir='ltr'>scriptura</span> <span class='ocrx_word' id='word_1_89' title='bbox 1163 1697 1265 1790; x_wconf 91' lang='lat' dir='ltr'>prior</span> <span class='ocrx_word' id='word_1_90' title='bbox 1283 1695 1401 1793; x_wconf 75' lang='lat' dir='ltr'>(Ppr)</span> 
     </span>
     <span class='ocr_line' id='line_1_13' title="bbox 267 1820 1400 1920; baseline 0.006 -32"><span class='ocrx_word' id='word_1_91' title='bbox 267 1843 289 1887; x_wconf 90' lang='lat' dir='ltr'>a</span> <span class='ocrx_word' id='word_1_92' title='bbox 319 1831 479 1892; x_wconf 87' lang='lat' dir='ltr'>correcto</span> <span class='ocrx_word' id='word_1_93' title='bbox 508 1820 658 1916; x_wconf 77' lang='lat' dir='ltr'>(Pcorr.)</span> <span class='ocrx_word' id='word_1_94' title='bbox 684 1820 762 1910; x_wconf 91' lang='lat' dir='ltr'>vel,</span> <span class='ocrx_word' id='word_1_95' title='bbox 792 1831 836 1894; x_wconf 90' lang='lat' dir='ltr'>ut</span> <span class='ocrx_word' id='word_1_96' title='bbox 855 1822 926 1896; x_wconf 92' lang='lat' dir='ltr'>hoc</span> <span class='ocrx_word' id='word_1_97' title='bbox 950 1826 1063 1896; x_wconf 87' lang='lat' dir='ltr'>verbo</span> <span class='ocrx_word' id='word_1_98' title='bbox 1085 1833 1181 1910; x_wconf 92' lang='lat' dir='ltr'>utar,</span> <span class='ocrx_word' id='word_1_99' title='bbox 1206 1823 1400 1920; x_wconf 82' lang='lat' dir='ltr'>marginali</span> 
     </span>
     <span class='ocr_line' id='line_1_14' title="bbox 269 1947 1403 2047; baseline 0.004 -27"><span class='ocrx_word' id='word_1_100' title='bbox 269 1947 359 2043; x_wconf 65' lang='lat' dir='ltr'>(Pa)</span> <span class='ocrx_word' id='word_1_101' title='bbox 384 1949 624 2022; x_wconf 88' lang='lat' dir='ltr'>discernenda</span> <span class='ocrx_word' id='word_1_102' title='bbox 655 1961 759 2024; x_wconf 88' lang='lat' dir='ltr'>esset.</span> <span class='ocrx_word' id='word_1_103' title='bbox 809 1974 966 2046; x_wconf 90' lang='lat' dir='ltr'>cumque</span> <span class='ocrx_word' id='word_1_104' title='bbox 997 1948 1172 2025; x_wconf 89' lang='lat' dir='ltr'>lectiones</span> <span class='ocrx_word' id='word_1_105' title='bbox 1202 1951 1288 2025; x_wconf 90' lang='lat' dir='ltr'>illae</span> <span class='ocrx_word' id='word_1_106' title='bbox 1319 1962 1403 2047; x_wconf 86' lang='lat' dir='ltr'>post</span> 
     </span>
     <span class='ocr_line' id='line_1_15' title="bbox 267 2073 1403 2175; baseline 0.006 -29"><span class='ocrx_word' id='word_1_107' title='bbox 267 2073 391 2149; x_wconf 87' lang='lat' dir='ltr'>illatae</span> <span class='ocrx_word' id='word_1_108' title='bbox 416 2079 550 2171; x_wconf 86' lang='lat' dir='ltr'>partim</span> <span class='ocrx_word' id='word_1_109' title='bbox 568 2081 615 2151; x_wconf 92' lang='lat' dir='ltr'>ab</span> <span class='ocrx_word' id='word_1_110' title='bbox 633 2077 748 2152; x_wconf 84' lang='lat' dir='ltr'>altero</span> <span class='ocrx_word' id='word_1_111' title='bbox 765 2103 899 2175; x_wconf 85' lang='lat' dir='ltr'>genere</span> <span class='ocrx_word' id='word_1_112' title='bbox 917 2079 1074 2174; x_wconf 67' lang='lat' dir='ltr'>(Alica)</span> <span class='ocrx_word' id='word_1_113' title='bbox 1099 2082 1234 2175; x_wconf 84' lang='lat' dir='ltr'>partim</span> <span class='ocrx_word' id='word_1_114' title='bbox 1259 2083 1305 2154; x_wconf 91' lang='lat' dir='ltr'>ab</span> <span class='ocrx_word' id='word_1_115' title='bbox 1324 2105 1403 2153; x_wconf 92' lang='lat' dir='ltr'>cor-</span> 
     </span>
     <span class='ocr_line' id='line_1_16' title="bbox 267 2205 1403 2300; baseline 0.005 -24"><span class='ocrx_word' id='word_1_116' title='bbox 267 2215 404 2279; x_wconf 79' lang='lat' dir='ltr'>rectore</span> <span class='ocrx_word' id='word_1_117' title='bbox 429 2206 466 2277; x_wconf 87' lang='lat' dir='ltr'><strong><em>R</em></strong></span> <span class='ocrx_word' id='word_1_118' title='bbox 490 2209 669 2300; x_wconf 81' lang='lat' dir='ltr'>repetitae</span> <span class='ocrx_word' id='word_1_119' title='bbox 693 2208 768 2279; x_wconf 88' lang='lat' dir='ltr'>sint</span> <span class='ocrx_word' id='word_1_120' title='bbox 792 2205 895 2279; x_wconf 89' lang='lat' dir='ltr'>nullo</span> <span class='ocrx_word' id='word_1_121' title='bbox 913 2209 1134 2294; x_wconf 82' lang='lat' dir='ltr'>discrimine,</span> <span class='ocrx_word' id='word_1_122' title='bbox 1161 2211 1224 2282; x_wconf 89' lang='lat' dir='ltr'>sed</span> <span class='ocrx_word' id='word_1_123' title='bbox 1242 2211 1288 2282; x_wconf 90' lang='lat' dir='ltr'>ad</span> <span class='ocrx_word' id='word_1_124' title='bbox 1306 2210 1403 2282; x_wconf 92' lang='lat' dir='ltr'>arbi-</span> 
     </span>
     <span class='ocr_line' id='line_1_17' title="bbox 266 2332 1401 2432; baseline 0.004 -28"><span class='ocrx_word' id='word_1_125' title='bbox 266 2334 379 2405; x_wconf 91' lang='lat' dir='ltr'>trium</span> <span class='ocrx_word' id='word_1_126' title='bbox 397 2332 540 2407; x_wconf 89' lang='lat' dir='ltr'>librarii</span> <span class='ocrx_word' id='word_1_127' title='bbox 557 2336 718 2408; x_wconf 88' lang='lat' dir='ltr'>hominis</span> <span class='ocrx_word' id='word_1_128' title='bbox 737 2361 805 2408; x_wconf 91' lang='lat' dir='ltr'>nec</span> <span class='ocrx_word' id='word_1_129' title='bbox 822 2336 940 2429; x_wconf 87' lang='lat' dir='ltr'>inepti</span> <span class='ocrx_word' id='word_1_130' title='bbox 962 2361 1030 2409; x_wconf 88' lang='lat' dir='ltr'>nee</span> <span class='ocrx_word' id='word_1_131' title='bbox 1050 2337 1189 2432; x_wconf 89' lang='lat' dir='ltr'>ubique</span> <span class='ocrx_word' id='word_1_132' title='bbox 1213 2338 1401 2432; x_wconf 87' lang='lat' dir='ltr'>sapientis,</span> 
     </span>
     <span class='ocr_line' id='line_1_18' title="bbox 266 2463 1400 2556; baseline 0.005 -22"><span class='ocrx_word' id='word_1_133' title='bbox 266 2463 383 2535; x_wconf 84' lang='lat' dir='ltr'>evasit</span> <span class='ocrx_word' id='word_1_134' title='bbox 419 2463 555 2556; x_wconf 87' lang='lat' dir='ltr'>species</span> <span class='ocrx_word' id='word_1_135' title='bbox 593 2465 728 2537; x_wconf 84' lang='lat' dir='ltr'>codicis</span> <span class='ocrx_word' id='word_1_136' title='bbox 765 2464 841 2537; x_wconf 88' lang='lat' dir='ltr'>sive</span> <span class='ocrx_word' id='word_1_137' title='bbox 871 2465 1092 2538; x_wconf 82' lang='lat' dir='ltr'>recensionis</span> <span class='ocrx_word' id='word_1_138' title='bbox 1122 2467 1400 2554; x_wconf 77' lang='lat' dir='ltr'>contaminatae,</span> 
     </span>
     <span class='ocr_line' id='line_1_19' title="bbox 267 2592 1402 2689; baseline 0.004 -27"><span class='ocrx_word' id='word_1_139' title='bbox 267 2615 361 2684; x_wconf 88' lang='lat' dir='ltr'>quae</span> <span class='ocrx_word' id='word_1_140' title='bbox 385 2592 564 2687; x_wconf 77' lang='lat' dir='ltr'>originem</span> <span class='ocrx_word' id='word_1_141' title='bbox 589 2592 741 2666; x_wconf 88' lang='lat' dir='ltr'>haberet</span> <span class='ocrx_word' id='word_1_142' title='bbox 765 2617 849 2665; x_wconf 92' lang='lat' dir='ltr'>cum</span> <span class='ocrx_word' id='word_1_143' title='bbox 871 2593 909 2664; x_wconf 86' lang='lat' dir='ltr'><em>R</em></span> <span class='ocrx_word' id='word_1_144' title='bbox 933 2617 1176 2680; x_wconf 89' lang='lat' dir='ltr'>communem,</span> <span class='ocrx_word' id='word_1_145' title='bbox 1201 2594 1402 2689; x_wconf 85' lang='lat' dir='ltr'>interpola-</span> 
     </span>
     <span class='ocr_line' id='line_1_20' title="bbox 268 2718 1401 2818; baseline 0.004 -28"><span class='ocrx_word' id='word_1_146' title='bbox 268 2721 406 2792; x_wconf 90' lang='lat' dir='ltr'>tionem</span> <span class='ocrx_word' id='word_1_147' title='bbox 423 2718 500 2794; x_wconf 88' lang='lat' dir='ltr'>fere</span> <span class='ocrx_word' id='word_1_148' title='bbox 518 2745 602 2792; x_wconf 91' lang='lat' dir='ltr'>cum</span> <span class='ocrx_word' id='word_1_149' title='bbox 623 2721 665 2808; x_wconf 73' lang='lat' dir='ltr'>(J,</span> <span class='ocrx_word' id='word_1_150' title='bbox 684 2731 872 2815; x_wconf 87' lang='lat' dir='ltr'>praeterea</span> <span class='ocrx_word' id='word_1_151' title='bbox 887 2722 997 2795; x_wconf 91' lang='lat' dir='ltr'>modo</span> <span class='ocrx_word' id='word_1_152' title='bbox 1013 2723 1060 2794; x_wconf 87' lang='lat' dir='ltr'>ad</span> <span class='ocrx_word' id='word_1_153' title='bbox 1080 2721 1233 2796; x_wconf 85' lang='lat' dir='ltr'>alteram</span> <span class='ocrx_word' id='word_1_154' title='bbox 1250 2724 1401 2818; x_wconf 85' lang='lat' dir='ltr'>stirpem</span> 
     </span>
     <span class='ocr_line' id='line_1_21' title="bbox 268 2849 1402 2939; baseline 0.004 -19"><span class='ocrx_word' id='word_1_155' title='bbox 268 2849 475 2921; x_wconf 85' lang='lat' dir='ltr'>deflecteret</span> <span class='ocrx_word' id='word_1_156' title='bbox 492 2851 599 2923; x_wconf 91' lang='lat' dir='ltr'>modo</span> <span class='ocrx_word' id='word_1_157' title='bbox 617 2851 664 2922; x_wconf 90' lang='lat' dir='ltr'>ad</span> <span class='ocrx_word' id='word_1_158' title='bbox 681 2850 719 2922; x_wconf 89' lang='grc' dir='ltr'>Β</span> <span class='ocrx_word' id='word_1_159' title='bbox 741 2860 954 2924; x_wconf 88' lang='lat' dir='ltr'>correctum.</span> <span class='ocrx_word' id='word_1_160' title='bbox 998 2851 1069 2923; x_wconf 90' lang='lat' dir='ltr'>hoc</span> <span class='ocrx_word' id='word_1_161' title='bbox 1087 2875 1171 2924; x_wconf 91' lang='lat' dir='ltr'>cum</span> <span class='ocrx_word' id='word_1_162' title='bbox 1188 2853 1243 2924; x_wconf 89' lang='lat' dir='ltr'>ita</span> <span class='ocrx_word' id='word_1_163' title='bbox 1259 2854 1319 2939; x_wconf 89' lang='lat' dir='ltr'>sit,</span> <span class='ocrx_word' id='word_1_164' title='bbox 1345 2877 1402 2925; x_wconf 85' lang='lat' dir='ltr'>se·</span> 
     </span>
     <span class='ocr_line' id='line_1_22' title="bbox 266 2976 1403 3074; baseline 0.004 -26"><span class='ocrx_word' id='word_1_165' title='bbox 266 2977 392 3070; x_wconf 89' lang='lat' dir='ltr'>quitur</span> <span class='ocrx_word' id='word_1_166' title='bbox 416 3002 438 3074; x_wconf 87' lang='lat' dir='ltr'>q</span> <span class='ocrx_word' id='word_1_167' title='bbox 462 2979 622 3051; x_wconf 91' lang='lat' dir='ltr'>codicem</span> <span class='ocrx_word' id='word_1_168' title='bbox 648 2979 786 3074; x_wconf 89' lang='lat' dir='ltr'>quique</span> <span class='ocrx_word' id='word_1_169' title='bbox 812 2976 877 3050; x_wconf 86' lang='lat' dir='ltr'>alii</span> <span class='ocrx_word' id='word_1_170' title='bbox 901 3003 985 3050; x_wconf 92' lang='lat' dir='ltr'>eum</span> <span class='ocrx_word' id='word_1_171' title='bbox 1014 2978 1080 3051; x_wconf 93' lang='lat' dir='ltr'>illo</span> <span class='ocrx_word' id='word_1_172' title='bbox 1110 3005 1159 3052; x_wconf 88' lang='lat' dir='ltr'>ex</span> <span class='ocrx_word' id='word_1_173' title='bbox 1186 2981 1226 3053; x_wconf 94' lang='lat' dir='ltr'><strong><em>P</em></strong></span> <span class='ocrx_word' id='word_1_174' title='bbox 1247 2982 1403 3053; x_wconf 88' lang='lat' dir='ltr'>derivati</span> 
     </span>
     <span class='ocr_line' id='line_1_23' title="bbox 266 3107 1401 3194; baseline 0.004 -18"><span class='ocrx_word' id='word_1_175' title='bbox 266 3117 363 3194; x_wconf 89' lang='lat' dir='ltr'>sunt,</span> <span class='ocrx_word' id='word_1_176' title='bbox 383 3109 586 3181; x_wconf 86' lang='lat' dir='ltr'>obscuratis</span> <span class='ocrx_word' id='word_1_177' title='bbox 600 3107 921 3180; x_wconf 82' lang='lat' dir='ltr'>contaminationis</span> <span class='ocrx_word' id='word_1_178' title='bbox 933 3108 1093 3194; x_wconf 90' lang='lat' dir='ltr'>indiciis,</span> <span class='ocrx_word' id='word_1_179' title='bbox 1108 3119 1146 3181; x_wconf 88' lang='lat' dir='ltr'>et</span> <span class='ocrx_word' id='word_1_180' title='bbox 1158 3108 1308 3182; x_wconf 88' lang='lat' dir='ltr'>inutiles</span> <span class='ocrx_word' id='word_1_181' title='bbox 1323 3133 1401 3182; x_wconf 84' lang='lat' dir='ltr'>esse</span> 
     </span>
     <span class='ocr_line' id='line_1_24' title="bbox 266 3235 1399 3331; baseline 0 -23"><span class='ocrx_word' id='word_1_182' title='bbox 266 3245 315 3320; x_wconf 91' lang='lat' dir='ltr'>et,</span> <span class='ocrx_word' id='word_1_183' title='bbox 335 3236 365 3306; x_wconf 85' lang='lat' dir='ltr'>si</span> <span class='ocrx_word' id='word_1_184' title='bbox 383 3237 463 3330; x_wconf 87' lang='lat' dir='ltr'>ipso</span> <span class='ocrx_word' id='word_1_185' title='bbox 483 3236 522 3308; x_wconf 95' lang='lat' dir='ltr'><strong><em>P</em></strong></span> <span class='ocrx_word' id='word_1_186' title='bbox 536 3259 751 3322; x_wconf 87' lang='lat' dir='ltr'>careremus,</span> <span class='ocrx_word' id='word_1_187' title='bbox 772 3236 1010 3308; x_wconf 84' lang='lat' dir='ltr'>dubitationis</span> <span class='ocrx_word' id='word_1_188' title='bbox 1032 3237 1237 3331; x_wconf 86' lang='lat' dir='ltr'>errorisque</span> <span class='ocrx_word' id='word_1_189' title='bbox 1255 3235 1399 3330; x_wconf 88' lang='lat' dir='ltr'>plenas:</span> 
     </span>
     <span class='ocr_line' id='line_1_25' title="bbox 266 3361 1402 3457; baseline 0.004 -23"><span class='ocrx_word' id='word_1_190' title='bbox 266 3365 381 3457; x_wconf 86' lang='lat' dir='ltr'>ipsius</span> <span class='ocrx_word' id='word_1_191' title='bbox 400 3374 523 3436; x_wconf 89' lang='lat' dir='ltr'>autem</span> <span class='ocrx_word' id='word_1_192' title='bbox 539 3364 633 3436; x_wconf 92' lang='lat' dir='ltr'>Pin</span> <span class='ocrx_word' id='word_1_193' title='bbox 650 3389 694 3438; x_wconf 92' lang='lat' dir='ltr'>eo</span> <span class='ocrx_word' id='word_1_194' title='bbox 712 3365 820 3435; x_wconf 89' lang='lat' dir='ltr'>sitam</span> <span class='ocrx_word' id='word_1_195' title='bbox 836 3387 915 3436; x_wconf 88' lang='lat' dir='ltr'>esse</span> <span class='ocrx_word' id='word_1_196' title='bbox 932 3361 1127 3436; x_wconf 83' lang='lat' dir='ltr'>utilitatem</span> <span class='ocrx_word' id='word_1_197' title='bbox 1144 3365 1245 3436; x_wconf 88' lang='lat' dir='ltr'>haud</span> <span class='ocrx_word' id='word_1_198' title='bbox 1262 3367 1402 3438; x_wconf 85' lang='lat' dir='ltr'>medio—</span> 
     </span>
     <span class='ocr_line' id='line_1_26' title="bbox 266 3492 1401 3586; baseline 0.004 -24"><span class='ocrx_word' id='word_1_199' title='bbox 266 3516 381 3579; x_wconf 85' lang='lat' dir='ltr'>crem,</span> <span class='ocrx_word' id='word_1_200' title='bbox 406 3495 522 3586; x_wconf 86' lang='lat' dir='ltr'>quod,</span> <span class='ocrx_word' id='word_1_201' title='bbox 550 3493 613 3565; x_wconf 91' lang='lat' dir='ltr'>ubi</span> <span class='ocrx_word' id='word_1_202' title='bbox 638 3515 722 3564; x_wconf 91' lang='lat' dir='ltr'>cum</span> <span class='ocrx_word' id='word_1_203' title='bbox 746 3492 784 3564; x_wconf 89' lang='grc' dir='ltr'>Β</span> <span class='ocrx_word' id='word_1_204' title='bbox 809 3517 832 3562; x_wconf 88' lang='lat' dir='ltr'>a</span> <span class='ocrx_word' id='word_1_205' title='bbox 854 3492 1037 3586; x_wconf 88' lang='lat' dir='ltr'>principio</span> <span class='ocrx_word' id='word_1_206' title='bbox 1058 3493 1279 3581; x_wconf 84' lang='lat' dir='ltr'>consentiat,</span> <span class='ocrx_word' id='word_1_207' title='bbox 1302 3519 1401 3566; x_wconf 89' lang='lat' dir='ltr'>com-</span> 
     </span>
     <span class='ocr_line' id='line_1_27' title="bbox 265 3618 1401 3716; baseline 0.003 -25"><span class='ocrx_word' id='word_1_208' title='bbox 265 3621 386 3694; x_wconf 91' lang='lat' dir='ltr'>munis</span> <span class='ocrx_word' id='word_1_209' title='bbox 405 3621 565 3715; x_wconf 88' lang='lat' dir='ltr'>parentis</span> <span class='ocrx_word' id='word_1_210' title='bbox 584 3618 641 3715; x_wconf 78' lang='grc' dir='ltr'>(Ψ)</span> <span class='ocrx_word' id='word_1_211' title='bbox 660 3621 872 3693; x_wconf 89' lang='lat' dir='ltr'>memoriam</span> <span class='ocrx_word' id='word_1_212' title='bbox 890 3618 1035 3707; x_wconf 82' lang='lat' dir='ltr'>referat,</span> <span class='ocrx_word' id='word_1_213' title='bbox 1053 3621 1118 3692; x_wconf 91' lang='lat' dir='ltr'>ubi</span> <span class='ocrx_word' id='word_1_214' title='bbox 1135 3621 1224 3694; x_wconf 89' lang='lat' dir='ltr'>item</span> <span class='ocrx_word' id='word_1_215' title='bbox 1242 3647 1265 3693; x_wconf 90' lang='lat' dir='ltr'>a</span> <span class='ocrx_word' id='word_1_216' title='bbox 1281 3623 1401 3716; x_wconf 88' lang='lat' dir='ltr'>primo</span> 
     </span>
     <span class='ocr_line' id='line_1_28' title="bbox 264 3746 1402 3847; baseline 0.003 -26"><span class='ocrx_word' id='word_1_217' title='bbox 264 3760 391 3822; x_wconf 87' lang='lat' dir='ltr'>contra</span> <span class='ocrx_word' id='word_1_218' title='bbox 408 3775 490 3822; x_wconf 80' lang='lat' dir='ltr'>euru</span> <span class='ocrx_word' id='word_1_219' title='bbox 511 3773 594 3821; x_wconf 88' lang='lat' dir='ltr'>cum</span> <span class='ocrx_word' id='word_1_220' title='bbox 606 3747 740 3821; x_wconf 78' lang='lat' dir='ltr'>ABod</span> <span class='ocrx_word' id='word_1_221' title='bbox 749 3746 873 3835; x_wconf 83' lang='lat' dir='ltr'>faciat,</span> <span class='ocrx_word' id='word_1_222' title='bbox 887 3759 1089 3822; x_wconf 89' lang='lat' dir='ltr'>correctum</span> <span class='ocrx_word' id='word_1_223' title='bbox 1106 3746 1211 3822; x_wconf 89' lang='lat' dir='ltr'>illum</span> <span class='ocrx_word' id='word_1_224' title='bbox 1229 3761 1402 3847; x_wconf 86' lang='lat' dir='ltr'>coarguat</span> 
     </span>
     <span class='ocr_line' id='line_1_29' title="bbox 264 3877 1401 3973; baseline 0.004 -25"><span class='ocrx_word' id='word_1_225' title='bbox 264 3888 329 3950; x_wconf 91' lang='lat' dir='ltr'>aut</span> <span class='ocrx_word' id='word_1_226' title='bbox 346 3903 468 3955; x_wconf 88' lang='lat' dir='ltr'>errore</span> <span class='ocrx_word' id='word_1_227' title='bbox 487 3880 735 3972; x_wconf 88' lang='lat' dir='ltr'>depravatum.</span> <span class='ocrx_word' id='word_1_228' title='bbox 781 3877 894 3950; x_wconf 90' lang='lat' dir='ltr'>habet</span> <span class='ocrx_word' id='word_1_229' title='bbox 910 3878 1009 3950; x_wconf 90' lang='lat' dir='ltr'>idem</span> <span class='ocrx_word' id='word_1_230' title='bbox 1027 3881 1205 3972; x_wconf 83' lang='lat' dir='ltr'>quaedam</span> <span class='ocrx_word' id='word_1_231' title='bbox 1229 3880 1299 3951; x_wconf 89' lang='lat' dir='ltr'>sibi</span> <span class='ocrx_word' id='word_1_232' title='bbox 1316 3905 1401 3973; x_wconf 88' lang='lat' dir='ltr'>pro-</span> 
     </span>
     <span class='ocr_line' id='line_1_30' title="bbox 263 4003 1399 4101; baseline 0.001 -23"><span class='ocrx_word' id='word_1_233' title='bbox 263 4007 345 4100; x_wconf 85' lang='lat' dir='ltr'>pria</span> <span class='ocrx_word' id='word_1_234' title='bbox 362 4031 479 4101; x_wconf 90' lang='lat' dir='ltr'>pauca</span> <span class='ocrx_word' id='word_1_235' title='bbox 496 4005 560 4078; x_wconf 90' lang='lat' dir='ltr'>illa</span> <span class='ocrx_word' id='word_1_236' title='bbox 577 4007 724 4101; x_wconf 90' lang='lat' dir='ltr'>quidem</span> <span class='ocrx_word' id='word_1_237' title='bbox 743 4008 807 4078; x_wconf 92' lang='lat' dir='ltr'>sed</span> <span class='ocrx_word' id='word_1_238' title='bbox 824 4003 1084 4093; x_wconf 88' lang='lat' dir='ltr'>memorabilia,</span> <span class='ocrx_word' id='word_1_239' title='bbox 1103 4031 1171 4079; x_wconf 89' lang='lat' dir='ltr'>nec</span> <span class='ocrx_word' id='word_1_240' title='bbox 1187 4005 1265 4080; x_wconf 86' lang='lat' dir='ltr'>fere</span> <span class='ocrx_word' id='word_1_241' title='bbox 1281 4006 1399 4079; x_wconf 91' lang='lat' dir='ltr'>laudis</span> 
     </span>
     <span class='ocr_line' id='line_1_31' title="bbox 263 4135 1399 4231; baseline 0.001 -24"><span class='ocrx_word' id='word_1_242' title='bbox 263 4137 439 4229; x_wconf 84' lang='lat' dir='ltr'>expertia.</span> <span class='ocrx_word' id='word_1_243' title='bbox 502 4159 588 4208; x_wconf 88' lang='lat' dir='ltr'>nam</span> <span class='ocrx_word' id='word_1_244' title='bbox 621 4145 877 4230; x_wconf 86' lang='lat' dir='ltr'>praeterquam</span> <span class='ocrx_word' id='word_1_245' title='bbox 908 4136 1007 4229; x_wconf 91' lang='lat' dir='ltr'>quod</span> <span class='ocrx_word' id='word_1_246' title='bbox 1037 4135 1077 4208; x_wconf 89' lang='lat' dir='ltr'>in</span> <span class='ocrx_word' id='word_1_247' title='bbox 1106 4135 1399 4231; x_wconf 87' lang='lat' dir='ltr'>orthographicis</span> 
     </span>
     <span class='ocr_line' id='line_1_32' title="bbox 263 4262 1398 4358; baseline 0.002 -23"><span class='ocrx_word' id='word_1_248' title='bbox 263 4263 450 4358; x_wconf 88' lang='lat' dir='ltr'>aliquanto</span> <span class='ocrx_word' id='word_1_249' title='bbox 475 4275 531 4338; x_wconf 88' lang='lat' dir='ltr'>est</span> <span class='ocrx_word' id='word_1_250' title='bbox 553 4265 682 4338; x_wconf 86' lang='lat' dir='ltr'>ceteris</span> <span class='ocrx_word' id='word_1_251' title='bbox 705 4263 903 4358; x_wconf 81' lang='lat' dir='ltr'>prugatior,</span> <span class='ocrx_word' id='word_1_252' title='bbox 930 4265 1108 4356; x_wconf 89' lang='lat' dir='ltr'>quaedam</span> <span class='ocrx_word' id='word_1_253' title='bbox 1134 4265 1181 4335; x_wconf 87' lang='lat' dir='ltr'>ad</span> <span class='ocrx_word' id='word_1_254' title='bbox 1203 4262 1398 4337; x_wconf 87' lang='lat' dir='ltr'>dialectum</span> 
     </span>
     <span class='ocr_line' id='line_1_33' title="bbox 261 4391 1399 4485; baseline 0 -21"><span class='ocrx_word' id='word_1_255' title='bbox 261 4392 421 4464; x_wconf 89' lang='lat' dir='ltr'>maxime</span> <span class='ocrx_word' id='word_1_256' title='bbox 452 4391 675 4485; x_wconf 89' lang='lat' dir='ltr'>pertinentia</span> <span class='ocrx_word' id='word_1_257' title='bbox 705 4415 801 4462; x_wconf 87' lang='lat' dir='ltr'>unus</span> <span class='ocrx_word' id='word_1_258' title='bbox 831 4400 929 4464; x_wconf 84' lang='lat' dir='ltr'>recte</span> <span class='ocrx_word' id='word_1_259' title='bbox 962 4401 1028 4465; x_wconf 88' lang='lat' dir='ltr'>aut</span> <span class='ocrx_word' id='word_1_260' title='bbox 1062 4401 1160 4465; x_wconf 86' lang='lat' dir='ltr'>certe</span> <span class='ocrx_word' id='word_1_261' title='bbox 1191 4402 1399 4464; x_wconf 86' lang='lat' dir='ltr'>constanter</span> 
     </span>
     <span class='ocr_line' id='line_1_34' title="bbox 262 4517 1397 4615; baseline 0.002 -25"><span class='ocrx_word' id='word_1_262' title='bbox 262 4522 396 4615; x_wconf 87' lang='lat' dir='ltr'>scripta</span> <span class='ocrx_word' id='word_1_263' title='bbox 425 4519 587 4592; x_wconf 86' lang='lat' dir='ltr'>exhibet.</span> <span class='ocrx_word' id='word_1_264' title='bbox 646 4517 748 4591; x_wconf 90' lang='lat' dir='ltr'>velut</span> <span class='ocrx_word' id='word_1_265' title='bbox 773 4543 858 4591; x_wconf 86' lang='lat' dir='ltr'>cum</span> <span class='ocrx_word' id='word_1_266' title='bbox 882 4529 920 4591; x_wconf 92' lang='lat' dir='ltr'>et</span> <span class='ocrx_word' id='word_1_267' title='bbox 944 4521 1109 4592; x_wconf 88' lang='lat' dir='ltr'>codicum</span> <span class='ocrx_word' id='word_1_268' title='bbox 1139 4541 1397 4614; x_wconf 88' lang='lat' dir='ltr'>nonnusquam</span> 
     </span>
    </p>
   </div>
   <div class='ocr_carea' id='block_1_4' title="bbox 0 0 1592 5092">
    <p class='ocr_par' dir='ltr' id='par_1_4' title="bbox 0 0 1592 5092">
     <span class='ocr_line' id='line_1_35' title="bbox 0 0 1592 5092; baseline 0 2"><span class='ocrx_word' id='word_1_269' title='bbox 0 0 1592 5092; x_wconf 95' lang='lat' dir='ltr'> </span> 
     </span>
    </p>
   </div>
  </div>
 </body>
</html>
