3175 5092
269 318 309 380 34
737 312 939 374 -A-

371 492 425 560 καὶ
442 490 527 567 τότε,
551 486 640 558 Λυδὲ
658 484 819 587 ποδαβρέ,
840 485 1061 583 πολυψήφιδα
1076 478 1158 583 παρ’
1172 479 1306 583 Ἕρμον

372 610 505 703 φεύγειν
526 604 615 703 μηδὲ
634 604 746 699 μένειν
768 593 850 702 μηδ’
875 604 1041 677 αίδεῖσδαι
1059 609 1160 686 κακδς
1178 605 1275 677 εἶναι.

216 725 256 787 56
345 724 498 799 Τυύτοισι
515 724 653 797 ἐλθοῦσι
673 726 759 795 τοῖσι
778 722 874 795 ἔπεσι
886 726 904 795 δ
917 721 1064 821 Κροῖσος
1076 724 1201 796 πολλόν
1216 750 1249 795 τι
1263 724 1410 817 μάλιστα

268 849 404 921 πάντων
420 844 527 943 ήσδη,
542 842 687 927 ἐλπίζων
704 847 846 943 ἡμίονον
865 842 998 937 οὐδαμὰ
1017 837 1088 915 ἀντ’
1111 842 1232 942 ,ἀνδρδς
1247 842 1409 945 βασιλεύ-

148 1022 153 1033 .
269 992 338 1039 σειν
357 961 500 1063 Μήδων,
529 957 600 1034 οὐδ’
621 964 668 1033 ῶν
686 962 788 1042 αὐτὸς
806 960 886 1033 οῦδὲ
902 964 932 1032 οί
951 963 986 1043 ἐξ
1002 963 1105 1034 αὐτοῦ
1119 962 1312 1036 παύσεσδσί
1330 988 1409 1035 κοτε
1445 980 1463 1029 5

268 1096 331 1185 τῆς
350 1082 469 1183 ἀρχῆς.
520 1078 603 1175 μετὰ
621 1080 781 1153 δὲταῦτα
800 1081 973 1179 ἐφρόντιζε
992 1083 1151 1180 ἱστορέων
1171 1084 1251 1163 τοὺς
1267 1080 1307 1153 ἂν
1320 1070 1408 1153 Ἔλ-

269 1204 381 1301 λήνων
399 1201 651 1280 δυνατωτάτους
669 1201 785 1281 ἐόντας
802 1205 1053 1298 προσκτήσαιτο
1081 1201 1215 1297 φίλους,
1245 1200 1406 1299 ἱστορέων

270 1321 308 1393 δέ
333 1318 463 1419 εῦρισκε
489 1319 775 1412 Λακεδαιμονίους
802 1322 857 1390 καὶ
870 1312 1080 1415 Ἀθηναίους
1096 1320 1305 1418 προέχοντας
1329 1321 1409 1399 τοδς

271 1440 331 1535 μὲν
352 1445 412 1511 τοῦ
429 1436 581 1537 Δωρικοῦ
600 1439 713 1535 γένεος
730 1439 809 1518 τοὺς
824 1436 863 1509 δὲ
880 1442 940 1509 τοῦ
951 1431 1115 1510 Ἰωνικοῦ.
1157 1444 1263 1511 ταῦτα
1280 1436 1343 1537 γὰρ
1361 1440 1405 1537 ήν

268 1558 309 1630 τό
326 1557 585 1657 προκεκριμένα,
615 1556 713 1628 ἐόντα
730 1558 768 1627 εδ
787 1553 929 1655 ἀρχαῖον
946 1559 984 1627 τδ
1009 1556 1069 1650 μέν
1085 1556 1294 1655 Πελασγικδν
1312 1560 1350 1628 τδ
1370 1556 1408 1627 δέ
1428 1575 1463 1625 10

263 1673 468 1776 Ἑλληνικὸν
496 1674 606 1756 ἔθνος.
650 1678 706 1747 καί
730 1668 767 1747 τδ
787 1675 848 1769 μὲν
868 1675 1002 1774 οὐδαμῇ
1021 1703 1070 1746 κω
1088 1676 1293 1776 ἐξεχώρησε,
1310 1681 1349 1749 τδ
1368 1675 1408 1749 δέ

268 1796 526 1892 πολυπλάνητον
551 1796 667 1893 κάρτα.
725 1794 780 1866 ἐπὶ
809 1794 869 1889 μέν
898 1794 961 1892 γὰρ
990 1792 1223 1876 Δευκαλίωνος
1248 1796 1408 1896 βασιλέος

269 1920 357 1988 οίκεε
374 1922 437 2015 γῆν
455 1918 516 2013 τήν
536 1911 697 1995 Φθιῶτιν,
725 1914 781 1986 ἐπί
807 1913 844 1985 δέ
863 1910 982 2012 Δώρου
999 1921 1058 1985 τοῦ
1070 1909 1243 2013 Ἕλληνος
1258 1918 1321 2012 τήν
1342 1914 1407 1987 ὑπὸ

269 2038 329 2132 τήν
349 2026 481 2104 Ὄσσαν
512 2058 549 2103 τε
579 2035 634 2103 καί
664 2036 720 2104 τόν
744 2020 919 2126 Ὄλυμπον
954 2037 1091 2132 χώρην,
1129 2033 1336 2130 καλεομένην
1369 2033 1408 2105 δέ

264 2142 482 2225 Ἱστιαιῶτιν·
520 2150 558 2223 ἐκ
585 2149 622 2221 δὲ
644 2138 960 2250 τήςἽστιαιιότιδος
984 2154 1032 2233 ῶς
1056 2152 1218 2250 ἐξανέστη
1244 2149 1464 2225 &Ma-15

270 2272 403 2365 δμείων,
431 2270 517 2341 οἴκεε
541 2269 575 2341 ἐν
597 2266 711 2365 Πίνδῳ
730 2265 908 2343 Μακεδνὸν
934 2270 1154 2365 καλεόμενον·
1185 2270 1339 2345 ἐνθεῦτεν
1368 2269 1406 2343 δέ

271 2392 362 2470 αῦτις
378 2390 413 2469 ἐς
429 2392 490 2486 τήν
507 2386 677 2486 Δρυοπίδα
696 2390 835 2491 μετέβη,
855 2392 911 2460 καὶ
928 2389 965 2462 έκ
982 2398 1043 2490 της
1060 2387 1246 2489 Δρυοπίδος
1264 2388 1352 2461 οὕτω
1370 2391 1407 2470 ές

217 2521 255 2581 57
271 2507 535 2604 Πελοπόννησον
564 2505 663 2578 έλθδν
688 2504 838 2606 Δωρικδν
867 2507 1012 2606 ἐκλήθη.
1057 2510 1176 2606 ήντινα
1192 2507 1230 2580 δὲ
1247 2508 1405 2606 γλῶσσαν

271 2625 362 2699 ίεσαν
379 2628 409 2696 σί
420 2624 600 2722 Πελασγοί,
621 2624 682 2695 οὐκ
700 2623 772 2722 ἔχω
792 2623 960 2725 ἀτρεκέως
977 2626 1091 2698 εἰπεῖν.
1119 2628 1148 2699 εί
1167 2627 1204 2699 δέ
1217 2630 1318 2725 χρεόν
1337 2627 1408 2700 ἐστι

269 2747 533 2842 τεκμαιρόμενον
553 2743 661 2841 λέγειν
681 2748 768 2817 τοῖσι
785 2752 843 2817 νῦν
862 2744 911 2817 ἔτι
929 2730 1022 2818 ἐοῦσι
1036 2742 1224 2841 Πελασγῶν
1238 2753 1304 2817 τῶν
1321 2744 1405 2845 ὑπὲρ
1426 2768 1462 2820 2⁰

270 2860 452 2962 Τυρσηνῶν
473 2858 665 2961 Κρηστῶνα
681 2866 779 2937 πόλιν
797 2864 989 2947 οἰκεόντων,
1017 2862 1050 2934 οἲ
1068 2863 1208 2963 όμοοροί
1226 2889 1302 2936 κοτε
1317 2867 1406 2963 ἦσαν

269 2984 355 3057 τοῖσι
372 2988 429 3054 νῦν
441 2980 607 3082 Δωριεῦσι
625 2984 857 3077 καλεομένοισι
874 2982 992 3074 (οἴκεον
1012 2982 1050 3055 δέ
1065 2990 1247 3080 τηνικαῦτα
1261 2991 1326 3083 γήν
1343 2987 1406 3083 τήν

424 3271 538 3341 περὶτοῦ
552 3266 711 3343 Πελασγικοῦ
724 3268 814 3329 έδνους
826 3270 870 3323 καὶ
882 3275 930 3338 τῆς
943 3269 1026 3322 αὐτῶν
1039 3268 1175 3323 διαλέκτου

377 3529 399 3579 l.
426 3526 490 3579 πσλυ
531 3526 593 3599 φιδα
610 3558 624 3568 -
642 3528 657 3579 2
676 3527 739 3581 εἶναι
759 3528 848 3593 (Plau)
867 3529 932 3599 reip.
953 3528 1022 3583 vm
1039 3547 1065 3599 p.
1082 3530 1152 3593 566).
1172 3558 1206 3568 -
1232 3528 1272 3581 11.
1297 3530 1327 3582 τό
1345 3528 1373 3581 δέ
1391 3560 1407 3571 -

324 3597 355 3648 18
374 3594 475 3666 ἐκλήθη
492 3526 649 3665 &pheuma
668 3598 732 3667 Byz.
753 3616 780 3668 p.
796 3600 846 3650 253
865 3598 904 3651 M.
931 3626 966 3638 —
997 3602 1037 3651 16.
1061 3598 1135 3653 idem
1155 3616 1180 3653 v.
1203 3594 1345 3652 Μανεδνόν.
1370 3627 1408 3638 -

323 3666 365 3716 21.
385 3664 459 3719 idem
473 3682 496 3718 v.
518 3662 644 3735 Κρήστιον

324 3888 346 3939 1.
367 3886 433 3941 πυλυ
473 3888 535 3961 φίδσ
546 3891 578 3942 ιίε
601 3892 611 3955 ΙΙ
636 3892 660 3942 3.
682 3890 799 3960 μάλαστα
811 3892 840 3947 P
858 3894 870 3957 ΙΙ
894 3894 919 3945 4.
935 3891 1035 3957 οὐδαμᾶ
1048 3890 1124 3945 Rada
1143 3894 1156 3956 ΙΙ
1178 3890 1319 3959 βασιλεύειν
1331 3890 1406 3957 Mul]

270 3958 294 4007 δ.
318 3949 371 4009 οὐδ’
384 3956 408 4009 σί
448 3976 462 4011 α
486 3960 497 4024 ΙΙ
521 3958 665 4033 πσόσσσδαι
681 3960 757 4013 Ιδόόε
779 3962 791 4027 ΙΙ
824 3963 849 4013 6.
870 3960 990 4031 ίστορίων
1006 3959 1149 4081 ἐφρόντιζεν
1166 3960 1203 4012 bd
1229 3962 1241 4025 11
1270 3961 1295 4011 9.
1314 3958 1404 4030 γένους

269 4024 298 4080 P
317 4027 328 4091 ΙΙ
351 4024 843 4098 ταῦτα-σ.69,1όλροῖσοςοοι.1δ
871 4032 883 4095 ΙΙ
915 4032 954 4083 12.
974 4047 1024 4083 που
1041 4028 1213 4098 υπλόνητονε
1239 4031 1250 4093 ΙΙ
1279 4025 1404 4096 βασιλέως

269 4114 290 4149 o.
306 4093 577 4165 8όερίι.,βασιλῆοςσ
604 4098 616 4162 ΙΙ
650 4098 688 4149 13.
711 4090 1017 4167 ᾧιεετήνΦδιῶτινὸῑε
1037 4096 1065 4149 h.
1097 4100 1108 4163 ΙΙ
1139 4100 1180 4149 u.
1200 4094 1339 4163 Οὔλυμπον
1359 4113 1374 4146 ε
1397 4099 1406 4152 ’ἵ

271 4164 312 4215 15.
333 4163 476 4217 ἰστιαιῶσιν.
498 4165 528 4217 ἐκ
540 4164 569 4217 δέ
579 4172 627 4234 τῆς
641 4165 807 4224 ίστιαιιότιδος
819 4168 855 4220 bd
861 4209 867 4230 ,
888 4164 999 4220 Ιστιῶτιν
1069 4166 1097 4217 δί
1114 4164 1255 4223 {mamm
1274 4164 1369 4235 steph.
1395 4169 1405 4229 λγ

253 4233 310 4297 λδ.
334 4222 412 4300 ᾦκεεν
424 4232 520 4302 steph.
552 4236 564 4298 ΙΙ
596 4234 722 4288 πίνδνωιὶ
747 4237 758 4301 ΙΙ
788 4234 905 4290 ἐντεῦθεν
916 4234 1067 4307 διλδῑερίι.
1098 4237 1111 4300 ΙΙ
1140 4235 1179 4287 17.
1201 4233 1302 4292 αδδιεσ
1328 4236 1341 4299 ΙΙ
1368 4233 1406 4291 ek

268 4298 362 4370 steph.
389 4302 400 4364 Ν
424 4300 602 4371 δρυωιιίδαόᾰ
624 4306 635 4369 ΙΙ
659 4304 832 4375 δρυωπίδοςό
852 4306 865 4370 ΙΙ
888 4304 1048 4363 υότωςῦεό
1059 4304 1152 4374 steph.
1182 4307 1195 4369 ΙΙ
1226 4304 1266 4354 19.
1285 4319 1353 4355 ιεσαν
1365 4306 1403 4366 Α,

267 4368 397 4421 ίεσανόάε
420 4371 432 4434 ΙΙ
455 4370 608 4439 ἀτρεκῶςΡ
627 4374 638 4437 ΙΙ
668 4372 860 4427 amoram
881 4375 893 4439 ΙΙ
915 4373 992 4445 χρεόν
1004 4375 1160 4446 Ασῑχρειόν
1187 4376 1200 4438 u
1228 4373 1406 4442 21.κριγτῶνσ

268 4437 284 4489 ό
306 4439 318 4501 ΙΙ
342 4438 384 4490 ²2.
403 4436 637 4506 ναλεουμίνοισινό
