<?xml version="1.0" encoding="UTF-8"?>
<!DOCTYPE html PUBLIC "-//W3C//DTD XHTML 1.0 Transitional//EN"
    "http://www.w3.org/TR/xhtml1/DTD/xhtml1-transitional.dtd">
<html xmlns="http://www.w3.org/1999/xhtml" xml:lang="en" lang="en">
 <head>
  <title>
</title>
<meta http-equiv="Content-Type" content="text/html;charset=utf-8" />
  <meta name='ocr-system' content='tesseract 3.04.00' />
  <meta name='ocr-capabilities' content='ocr_page ocr_carea ocr_par ocr_line ocrx_word'/>
</head>
<body>
  <div class='ocr_page' id='page_1' title='image "./herodotihistori01steigoog_0100.png"; bbox 0 0 3175 5092; ppageno 0'>
   <div class='ocr_carea' id='block_1_1' title="bbox 268 355 934 420">
    <p class='ocr_par' dir='ltr' id='par_1_1' title="bbox 268 355 934 420">
     <span class='ocr_line' id='line_1_1' title="bbox 268 355 934 420; baseline -0.002 0"><span class='ocrx_word' id='word_1_1' title='bbox 268 360 305 420; x_wconf 84' lang='grc'>16</span> <span class='ocrx_word' id='word_1_2' title='bbox 732 355 934 419; x_wconf 81' lang='grc' dir='ltr'>-Α-</span> 
     </span>
    </p>
   </div>
   <div class='ocr_carea' id='block_1_2' title="bbox 175 527 1458 3615">
    <p class='ocr_par' dir='ltr' id='par_1_2' title="bbox 175 527 1458 3615">
     <span class='ocr_line' id='line_1_2' title="bbox 265 527 1398 631; baseline 0 -28"><span class='ocrx_word' id='word_1_3' title='bbox 265 531 324 627; x_wconf 87' lang='grc' dir='ltr'>μέν</span> <span class='ocrx_word' id='word_1_4' title='bbox 335 558 400 603; x_wconf 74' lang='grc' dir='ltr'>,νυν</span> <span class='ocrx_word' id='word_1_5' title='bbox 418 531 455 603; x_wconf 86' lang='grc' dir='ltr'>ἐκ</span> <span class='ocrx_word' id='word_1_6' title='bbox 473 528 650 631; x_wconf 87' lang='grc' dir='ltr'>Τάραντος,</span> <span class='ocrx_word' id='word_1_7' title='bbox 664 533 864 605; x_wconf 80' lang='grc' dir='ltr'><strong>πιστεύοντα</strong></span> <span class='ocrx_word' id='word_1_8' title='bbox 882 530 920 603; x_wconf 82' lang='grc' dir='ltr'>δὲ</span> <span class='ocrx_word' id='word_1_9' title='bbox 938 529 1115 624; x_wconf 77' lang='grc' dir='ltr'>οὐδαμοῖσι</span> <span class='ocrx_word' id='word_1_10' title='bbox 1134 529 1263 623; x_wconf 82' lang='grc' dir='ltr'>μᾶλλον</span> <span class='ocrx_word' id='word_1_11' title='bbox 1282 531 1305 629; x_wconf 83' lang='grc' dir='ltr'>η</span> <span class='ocrx_word' id='word_1_12' title='bbox 1327 527 1398 603; x_wconf 86' lang='grc' dir='ltr'>Κυ-</span> 
     </span>
     <span class='ocr_line' id='line_1_3' title="bbox 265 646 1397 752; baseline 0 -28"><span class='ocrx_word' id='word_1_13' title='bbox 265 652 420 752; x_wconf 90' lang='grc' dir='ltr'>ρινθίοισι</span> <span class='ocrx_word' id='word_1_14' title='bbox 440 650 679 745; x_wconf 72' lang='grc' dir='ltr'>μισθώσασθαι</span> <span class='ocrx_word' id='word_1_15' title='bbox 696 649 815 731; x_wconf 78' lang='grc' dir='ltr'>πλοῖον</span> <span class='ocrx_word' id='word_1_16' title='bbox 836 646 967 748; x_wconf 82' lang='grc' dir='ltr'>ἀνδρῶν</span> <span class='ocrx_word' id='word_1_17' title='bbox 987 647 1187 749; x_wconf 79' lang='grc' dir='ltr'>Κορινθίων.</span> <span class='ocrx_word' id='word_1_18' title='bbox 1207 651 1286 732; x_wconf 85' lang='grc' dir='ltr'>τούς</span> <span class='ocrx_word' id='word_1_19' title='bbox 1304 648 1342 723; x_wconf 85' lang='grc' dir='ltr'>δὲ</span> <span class='ocrx_word' id='word_1_20' title='bbox 1360 650 1397 724; x_wconf 84' lang='grc' dir='ltr'>ἐν</span> 
     </span>
     <span class='ocr_line' id='line_1_4' title="bbox 264 756 1400 872; baseline -0.001 -29"><span class='ocrx_word' id='word_1_21' title='bbox 264 774 314 869; x_wconf 81' lang='grc' dir='ltr'>τῷ</span> <span class='ocrx_word' id='word_1_22' title='bbox 338 772 478 868; x_wconf 89' lang='grc' dir='ltr'>πελάγεῖ</span> <span class='ocrx_word' id='word_1_23' title='bbox 503 770 729 871; x_wconf 80' lang='grc' dir='ltr'>ἐπιβουλεύειν</span> <span class='ocrx_word' id='word_1_24' title='bbox 753 772 811 841; x_wconf 80' lang='grc' dir='ltr'>τὸν</span> <span class='ocrx_word' id='word_1_25' title='bbox 832 756 973 868; x_wconf 81' lang='grc' dir='ltr'>Ἀρίονα</span> <span class='ocrx_word' id='word_1_26' title='bbox 1005 770 1211 872; x_wconf 82' lang='grc' dir='ltr'>ἐκβαλόντας</span> <span class='ocrx_word' id='word_1_27' title='bbox 1237 769 1328 870; x_wconf 84' lang='grc' dir='ltr'>ἔχειν</span> <span class='ocrx_word' id='word_1_28' title='bbox 1356 770 1400 842; x_wconf 88' lang='grc' dir='ltr'>τὰ</span> 
     </span>
     <span class='ocr_line' id='line_1_5' title="bbox 263 887 1398 992; baseline -0.004 -26"><span class='ocrx_word' id='word_1_29' title='bbox 263 899 435 992; x_wconf 84' lang='grc' dir='ltr'>χρηματα.</span> <span class='ocrx_word' id='word_1_30' title='bbox 465 893 520 961; x_wconf 87' lang='grc' dir='ltr'>τδν</span> <span class='ocrx_word' id='word_1_31' title='bbox 540 889 577 961; x_wconf 89' lang='grc' dir='ltr'>δέ</span> <span class='ocrx_word' id='word_1_32' title='bbox 596 889 733 962; x_wconf 79' lang='grc' dir='ltr'>συνέντα</span> <span class='ocrx_word' id='word_1_33' title='bbox 751 894 851 962; x_wconf 80' lang='grc' dir='ltr'>τοῦτο</span> <span class='ocrx_word' id='word_1_34' title='bbox 873 887 1060 971; x_wconf 79' lang='grc' dir='ltr'>λίσσεσθαι,</span> <span class='ocrx_word' id='word_1_35' title='bbox 1082 893 1244 989; x_wconf 81' lang='grc' dir='ltr'>χρήματα</span> <span class='ocrx_word' id='word_1_36' title='bbox 1261 889 1322 983; x_wconf 90' lang='grc' dir='ltr'>μέν</span> <span class='ocrx_word' id='word_1_37' title='bbox 1337 914 1398 985; x_wconf 91' lang='grc' dir='ltr'>σφι</span> 
     </span>
     <span class='ocr_line' id='line_1_6' title="bbox 264 1008 1458 1112; baseline -0.006 -28"><span class='ocrx_word' id='word_1_38' title='bbox 264 1012 434 1112; x_wconf 79' lang='grc' dir='ltr'>προϊέντα,</span> <span class='ocrx_word' id='word_1_39' title='bbox 449 1012 560 1109; x_wconf 78' lang='grc' dir='ltr'>φυχην</span> <span class='ocrx_word' id='word_1_40' title='bbox 581 1008 619 1081; x_wconf 86' lang='grc' dir='ltr'>δέ</span> <span class='ocrx_word' id='word_1_41' title='bbox 637 1012 913 1108; x_wconf 88' lang='grc' dir='ltr'>παραιτεόμενον.</span> <span class='ocrx_word' id='word_1_42' title='bbox 961 1008 1070 1081; x_wconf 83' lang='grc' dir='ltr'>ούιιων</span> <span class='ocrx_word' id='word_1_43' title='bbox 1089 1012 1132 1108; x_wconf 91' lang='grc' dir='ltr'>δη</span> <span class='ocrx_word' id='word_1_44' title='bbox 1150 1009 1277 1083; x_wconf 81' lang='grc' dir='ltr'>πείθειν</span> <span class='ocrx_word' id='word_1_45' title='bbox 1295 1009 1396 1081; x_wconf 81' lang='grc' dir='ltr'>αὐτόν</span> <span class='ocrx_word' id='word_1_46' title='bbox 1440 1029 1458 1077; x_wconf 85' lang='lat'><strong>5</strong></span> 
     </span>
     <span class='ocr_line' id='line_1_7' title="bbox 263 1126 1399 1227; baseline -0.004 -24"><span class='ocrx_word' id='word_1_47' title='bbox 263 1133 420 1215; x_wconf 90' lang='grc' dir='ltr'>τούτοισι,</span> <span class='ocrx_word' id='word_1_48' title='bbox 443 1126 531 1201; x_wconf 83' lang='grc' dir='ltr'>ἀλλά</span> <span class='ocrx_word' id='word_1_49' title='bbox 554 1129 699 1202; x_wconf 79' lang='grc' dir='ltr'>κελεύειν</span> <span class='ocrx_word' id='word_1_50' title='bbox 723 1130 802 1215; x_wconf 85' lang='grc' dir='ltr'>τοὺς</span> <span class='ocrx_word' id='word_1_51' title='bbox 825 1127 1002 1226; x_wconf 76' lang='grc' dir='ltr'>πορθμέας</span> <span class='ocrx_word' id='word_1_52' title='bbox 1025 1128 1049 1227; x_wconf 78' lang='grc' dir='ltr'>η</span> <span class='ocrx_word' id='word_1_53' title='bbox 1075 1128 1174 1199; x_wconf 83' lang='grc' dir='ltr'>αὐτὸν</span> <span class='ocrx_word' id='word_1_54' title='bbox 1195 1128 1399 1227; x_wconf 85' lang='grc' dir='ltr'>διαχρᾶσθαί</span> 
     </span>
     <span class='ocr_line' id='line_1_8' title="bbox 264 1246 1395 1350; baseline -0.005 -27"><span class='ocrx_word' id='word_1_55' title='bbox 264 1278 330 1345; x_wconf 89' lang='grc' dir='ltr'>μιν,</span> <span class='ocrx_word' id='word_1_56' title='bbox 351 1254 399 1331; x_wconf 84' lang='grc' dir='ltr'>ὡς</span> <span class='ocrx_word' id='word_1_57' title='bbox 423 1247 463 1323; x_wconf 85' lang='grc' dir='ltr'>ἂν</span> <span class='ocrx_word' id='word_1_58' title='bbox 490 1258 602 1350; x_wconf 81' lang='grc' dir='ltr'>ταφῆς</span> <span class='ocrx_word' id='word_1_59' title='bbox 627 1248 661 1320; x_wconf 88' lang='grc' dir='ltr'>ἐν</span> <span class='ocrx_word' id='word_1_60' title='bbox 688 1249 732 1347; x_wconf 77' lang='grc' dir='ltr'>γῇ</span> <span class='ocrx_word' id='word_1_61' title='bbox 753 1250 855 1346; x_wconf 82' lang='grc' dir='ltr'>τύχη,</span> <span class='ocrx_word' id='word_1_62' title='bbox 875 1248 899 1346; x_wconf 86' lang='grc' dir='ltr'>η</span> <span class='ocrx_word' id='word_1_63' title='bbox 918 1246 1069 1346; x_wconf 77' lang='grc' dir='ltr'>ἐκπηδᾶν</span> <span class='ocrx_word' id='word_1_64' title='bbox 1087 1246 1124 1328; x_wconf 83' lang='grc' dir='ltr'>ἐς</span> <span class='ocrx_word' id='word_1_65' title='bbox 1140 1251 1201 1347; x_wconf 83' lang='grc' dir='ltr'>την</span> <span class='ocrx_word' id='word_1_66' title='bbox 1221 1248 1395 1321; x_wconf 91' lang='grc' dir='ltr'>θάλασσαν</span> 
     </span>
     <span class='ocr_line' id='line_1_9' title="bbox 261 1360 1395 1470; baseline -0.003 -28"><span class='ocrx_word' id='word_1_67' title='bbox 261 1376 322 1470; x_wconf 85' lang='grc' dir='ltr'>την</span> <span class='ocrx_word' id='word_1_68' title='bbox 341 1374 517 1468; x_wconf 86' lang='grc' dir='ltr'>ταχίστην.</span> <span class='ocrx_word' id='word_1_69' title='bbox 557 1366 784 1465; x_wconf 83' lang='grc' dir='ltr'>ἀπειληθέντα</span> <span class='ocrx_word' id='word_1_70' title='bbox 808 1368 852 1465; x_wconf 90' lang='grc' dir='ltr'>δη</span> <span class='ocrx_word' id='word_1_71' title='bbox 880 1368 938 1439; x_wconf 90' lang='grc' dir='ltr'>τδν</span> <span class='ocrx_word' id='word_1_72' title='bbox 953 1360 1093 1465; x_wconf 83' lang='grc' dir='ltr'>Ἀρίονα</span> <span class='ocrx_word' id='word_1_73' title='bbox 1111 1365 1148 1447; x_wconf 86' lang='grc' dir='ltr'>ἐς</span> <span class='ocrx_word' id='word_1_74' title='bbox 1166 1364 1309 1467; x_wconf 81' lang='grc' dir='ltr'>ἀπορίην</span> <span class='ocrx_word' id='word_1_75' title='bbox 1327 1394 1395 1439; x_wconf 90' lang='grc' dir='ltr'>πα-</span> 
     </span>
     <span class='ocr_line' id='line_1_10' title="bbox 262 1486 1396 1590; baseline -0.005 -27"><span class='ocrx_word' id='word_1_76' title='bbox 262 1489 498 1590; x_wconf 79' lang='grc' dir='ltr'>ραιτήσασθαι,</span> <span class='ocrx_word' id='word_1_77' title='bbox 531 1487 647 1585; x_wconf 80' lang='grc' dir='ltr'>ἐπειδη</span> <span class='ocrx_word' id='word_1_78' title='bbox 675 1514 734 1585; x_wconf 87' lang='grc' dir='ltr'>σφι</span> <span class='ocrx_word' id='word_1_79' title='bbox 754 1486 844 1559; x_wconf 87' lang='grc' dir='ltr'>ούτω</span> <span class='ocrx_word' id='word_1_80' title='bbox 863 1486 984 1569; x_wconf 84' lang='grc' dir='ltr'>δοκέοι,</span> <span class='ocrx_word' id='word_1_81' title='bbox 1002 1487 1161 1585; x_wconf 82' lang='grc' dir='ltr'>περιιδεῖν</span> <span class='ocrx_word' id='word_1_82' title='bbox 1181 1487 1279 1560; x_wconf 88' lang='grc' dir='ltr'>αύτδν</span> <span class='ocrx_word' id='word_1_83' title='bbox 1299 1487 1396 1587; x_wconf 75' lang='grc' dir='ltr'>έντη</span> 
     </span>
     <span class='ocr_line' id='line_1_11' title="bbox 262 1602 1457 1709; baseline -0.003 -26"><span class='ocrx_word' id='word_1_84' title='bbox 262 1612 365 1709; x_wconf 79' lang='grc' dir='ltr'>σκευῇ</span> <span class='ocrx_word' id='word_1_85' title='bbox 384 1610 480 1706; x_wconf 87' lang='grc' dir='ltr'>πόση</span> <span class='ocrx_word' id='word_1_86' title='bbox 500 1608 624 1681; x_wconf 87' lang='grc' dir='ltr'>στάντα</span> <span class='ocrx_word' id='word_1_87' title='bbox 642 1606 677 1679; x_wconf 91' lang='grc' dir='ltr'>ἐν</span> <span class='ocrx_word' id='word_1_88' title='bbox 697 1610 783 1681; x_wconf 92' lang='grc' dir='ltr'>τοῖσι</span> <span class='ocrx_word' id='word_1_89' title='bbox 802 1607 971 1679; x_wconf 83' lang='grc' dir='ltr'>ἑδωλίοισι</span> <span class='ocrx_word' id='word_1_90' title='bbox 990 1602 1117 1689; x_wconf 84' lang='grc' dir='ltr'>ἀεῖσαι·</span> <span class='ocrx_word' id='word_1_91' title='bbox 1130 1604 1247 1687; x_wconf 85' lang='grc' dir='ltr'>ἀείσας</span> <span class='ocrx_word' id='word_1_92' title='bbox 1264 1606 1395 1679; x_wconf 83' lang='grc' dir='ltr'>δὲύπε-</span> <span class='ocrx_word' id='word_1_93' title='bbox 1418 1629 1457 1680; x_wconf 83' lang='grc' dir='ltr'>ιυ</span> 
     </span>
     <span class='ocr_line' id='line_1_12' title="bbox 263 1724 1394 1825; baseline -0.004 -23"><span class='ocrx_word' id='word_1_94' title='bbox 263 1730 375 1802; x_wconf 80' lang='grc' dir='ltr'>δέκετο</span> <span class='ocrx_word' id='word_1_95' title='bbox 395 1729 520 1801; x_wconf 84' lang='grc' dir='ltr'>ἐωυτύν</span> <span class='ocrx_word' id='word_1_96' title='bbox 539 1724 818 1825; x_wconf 82' lang='grc' dir='ltr'>κατεργάσασθαι.</span> <span class='ocrx_word' id='word_1_97' title='bbox 848 1728 902 1797; x_wconf 81' lang='grc' dir='ltr'>καὶ</span> <span class='ocrx_word' id='word_1_98' title='bbox 919 1729 1006 1798; x_wconf 88' lang='grc' dir='ltr'>τοῖσι</span> <span class='ocrx_word' id='word_1_99' title='bbox 1023 1724 1174 1798; x_wconf 82' lang='grc' dir='ltr'>ἐσελθεῖν</span> <span class='ocrx_word' id='word_1_100' title='bbox 1193 1726 1258 1823; x_wconf 86' lang='grc' dir='ltr'>γάρ</span> <span class='ocrx_word' id='word_1_101' title='bbox 1268 1728 1394 1825; x_wconf 81' lang='grc' dir='ltr'>ηδονην</span> 
     </span>
     <span class='ocr_line' id='line_1_13' title="bbox 262 1842 1393 1944; baseline -0.003 -23"><span class='ocrx_word' id='word_1_102' title='bbox 262 1852 289 1921; x_wconf 83' lang='grc' dir='ltr'>εί</span> <span class='ocrx_word' id='word_1_103' title='bbox 317 1847 468 1943; x_wconf 89' lang='grc' dir='ltr'>μέλλοιεν</span> <span class='ocrx_word' id='word_1_104' title='bbox 494 1844 698 1919; x_wconf 88' lang='grc' dir='ltr'>ἀκούσεσθαι</span> <span class='ocrx_word' id='word_1_105' title='bbox 717 1850 775 1917; x_wconf 86' lang='grc' dir='ltr'>τού</span> <span class='ocrx_word' id='word_1_106' title='bbox 802 1842 938 1944; x_wconf 87' lang='grc' dir='ltr'>ἀρίστου</span> <span class='ocrx_word' id='word_1_107' title='bbox 954 1843 1143 1944; x_wconf 82' lang='grc' dir='ltr'>ἀνθρώπων</span> <span class='ocrx_word' id='word_1_108' title='bbox 1161 1842 1288 1929; x_wconf 80' lang='grc' dir='ltr'>ἀοιδοῦ,</span> <span class='ocrx_word' id='word_1_109' title='bbox 1309 1844 1393 1919; x_wconf 85' lang='grc' dir='ltr'>ἀνα-</span> 
     </span>
     <span class='ocr_line' id='line_1_14' title="bbox 261 1962 1394 2069; baseline 0 -32"><span class='ocrx_word' id='word_1_110' title='bbox 261 1976 418 2069; x_wconf 74' lang='grc' dir='ltr'>χωρῆσαι</span> <span class='ocrx_word' id='word_1_111' title='bbox 443 1966 479 2038; x_wconf 92' lang='grc' dir='ltr'>ἐκ</span> <span class='ocrx_word' id='word_1_112' title='bbox 505 1976 567 2066; x_wconf 80' lang='grc' dir='ltr'>της</span> <span class='ocrx_word' id='word_1_113' title='bbox 593 1968 751 2065; x_wconf 74' lang='grc' dir='ltr'>πρύμνης</span> <span class='ocrx_word' id='word_1_114' title='bbox 775 1964 811 2048; x_wconf 89' lang='grc' dir='ltr'>ές</span> <span class='ocrx_word' id='word_1_115' title='bbox 835 1964 945 2063; x_wconf 86' lang='grc' dir='ltr'>μέσην</span> <span class='ocrx_word' id='word_1_116' title='bbox 963 1964 1033 2037; x_wconf 83' lang='grc' dir='ltr'>νέα.</span> <span class='ocrx_word' id='word_1_117' title='bbox 1071 1968 1127 2036; x_wconf 86' lang='grc' dir='ltr'>τύν</span> <span class='ocrx_word' id='word_1_118' title='bbox 1146 1962 1184 2037; x_wconf 84' lang='grc' dir='ltr'>δέ</span> <span class='ocrx_word' id='word_1_119' title='bbox 1202 1964 1341 2037; x_wconf 82' lang='grc' dir='ltr'>ἐνδύντα</span> <span class='ocrx_word' id='word_1_120' title='bbox 1357 1990 1394 2037; x_wconf 88' lang='grc' dir='ltr'>τε</span> 
     </span>
     <span class='ocr_line' id='line_1_15' title="bbox 260 2082 1393 2185; baseline -0.001 -26"><span class='ocrx_word' id='word_1_121' title='bbox 260 2092 370 2161; x_wconf 81' lang='grc' dir='ltr'>πᾶσαν</span> <span class='ocrx_word' id='word_1_122' title='bbox 394 2090 455 2185; x_wconf 80' lang='grc' dir='ltr'>την</span> <span class='ocrx_word' id='word_1_123' title='bbox 480 2089 600 2183; x_wconf 86' lang='grc' dir='ltr'>σκευην</span> <span class='ocrx_word' id='word_1_124' title='bbox 621 2088 674 2157; x_wconf 87' lang='grc' dir='ltr'>καί</span> <span class='ocrx_word' id='word_1_125' title='bbox 694 2084 843 2185; x_wconf 86' lang='grc' dir='ltr'>λαβόντα</span> <span class='ocrx_word' id='word_1_126' title='bbox 860 2086 921 2182; x_wconf 86' lang='grc' dir='ltr'>την</span> <span class='ocrx_word' id='word_1_127' title='bbox 940 2082 1091 2183; x_wconf 77' lang='grc' dir='ltr'>κιθάρην,</span> <span class='ocrx_word' id='word_1_128' title='bbox 1113 2085 1236 2157; x_wconf 80' lang='grc' dir='ltr'>στάντα</span> <span class='ocrx_word' id='word_1_129' title='bbox 1254 2083 1290 2155; x_wconf 86' lang='grc' dir='ltr'>έν</span> <span class='ocrx_word' id='word_1_130' title='bbox 1308 2089 1393 2158; x_wconf 88' lang='grc' dir='ltr'>τοῖσι</span> 
     </span>
     <span class='ocr_line' id='line_1_16' title="bbox 261 2202 1454 2301; baseline -0.002 -22"><span class='ocrx_word' id='word_1_131' title='bbox 261 2206 430 2279; x_wconf 83' lang='grc' dir='ltr'>ἑδωλίοισι</span> <span class='ocrx_word' id='word_1_132' title='bbox 458 2205 636 2286; x_wconf 77' lang='grc' dir='ltr'>διεξελθεῖν</span> <span class='ocrx_word' id='word_1_133' title='bbox 662 2207 764 2298; x_wconf 89' lang='grc' dir='ltr'>νόμον</span> <span class='ocrx_word' id='word_1_134' title='bbox 790 2207 847 2276; x_wconf 87' lang='grc' dir='ltr'>τδν</span> <span class='ocrx_word' id='word_1_135' title='bbox 872 2202 999 2301; x_wconf 89' lang='grc' dir='ltr'>ύρθιον,</span> <span class='ocrx_word' id='word_1_136' title='bbox 1025 2204 1247 2285; x_wconf 82' lang='grc' dir='ltr'>τελευτῶντος</span> <span class='ocrx_word' id='word_1_137' title='bbox 1274 2202 1312 2275; x_wconf 87' lang='grc' dir='ltr'>δὲ</span> <span class='ocrx_word' id='word_1_138' title='bbox 1333 2210 1393 2277; x_wconf 85' lang='grc' dir='ltr'>τού</span> <span class='ocrx_word' id='word_1_139' title='bbox 1414 2226 1454 2277; x_wconf 81' lang='lat'>15</span> 
     </span>
     <span class='ocr_line' id='line_1_17' title="bbox 175 2321 1393 2425; baseline -0.003 -28"><span class='ocrx_word' id='word_1_140' title='bbox 175 2412 181 2419; x_wconf 25' lang='grc' dir='ltr'>ι</span> <span class='ocrx_word' id='word_1_141' title='bbox 260 2330 365 2419; x_wconf 87' lang='grc' dir='ltr'>νόμον</span> <span class='ocrx_word' id='word_1_142' title='bbox 391 2327 483 2425; x_wconf 77' lang='grc' dir='ltr'>βῖφαί</span> <span class='ocrx_word' id='word_1_143' title='bbox 509 2350 563 2418; x_wconf 92' lang='grc' dir='ltr'>μιν</span> <span class='ocrx_word' id='word_1_144' title='bbox 588 2322 623 2405; x_wconf 83' lang='grc' dir='ltr'>ἐς</span> <span class='ocrx_word' id='word_1_145' title='bbox 647 2326 708 2421; x_wconf 84' lang='grc' dir='ltr'>την</span> <span class='ocrx_word' id='word_1_146' title='bbox 734 2322 910 2397; x_wconf 89' lang='grc' dir='ltr'>θάλασσαν</span> <span class='ocrx_word' id='word_1_147' title='bbox 938 2321 1074 2403; x_wconf 83' lang='grc' dir='ltr'>ἑωυτόν,</span> <span class='ocrx_word' id='word_1_148' title='bbox 1095 2325 1143 2403; x_wconf 82' lang='grc' dir='ltr'>ὡς</span> <span class='ocrx_word' id='word_1_149' title='bbox 1169 2321 1250 2419; x_wconf 82' lang='grc' dir='ltr'>εἶχε,</span> <span class='ocrx_word' id='word_1_150' title='bbox 1271 2325 1393 2425; x_wconf 77' lang='grc' dir='ltr'>σύντῄ</span> 
     </span>
     <span class='ocr_line' id='line_1_18' title="bbox 260 2438 1390 2544; baseline -0.002 -27"><span class='ocrx_word' id='word_1_151' title='bbox 260 2446 363 2544; x_wconf 77' lang='grc' dir='ltr'>σκεύη</span> <span class='ocrx_word' id='word_1_152' title='bbox 391 2445 497 2541; x_wconf 88' lang='grc' dir='ltr'>πόση.</span> <span class='ocrx_word' id='word_1_153' title='bbox 535 2444 690 2524; x_wconf 83' lang='grc' dir='ltr'>καὶτοὺς</span> <span class='ocrx_word' id='word_1_154' title='bbox 716 2444 776 2538; x_wconf 88' lang='grc' dir='ltr'>μέν</span> <span class='ocrx_word' id='word_1_155' title='bbox 800 2440 982 2515; x_wconf 81' lang='grc' dir='ltr'>ἀποπλέειν</span> <span class='ocrx_word' id='word_1_156' title='bbox 1009 2442 1045 2523; x_wconf 89' lang='grc' dir='ltr'>ές</span> <span class='ocrx_word' id='word_1_157' title='bbox 1074 2438 1249 2541; x_wconf 81' lang='grc' dir='ltr'>Κόρινθον,</span> <span class='ocrx_word' id='word_1_158' title='bbox 1269 2445 1326 2514; x_wconf 88' lang='grc' dir='ltr'>τδν</span> <span class='ocrx_word' id='word_1_159' title='bbox 1351 2442 1390 2515; x_wconf 86' lang='grc' dir='ltr'>δέ</span> 
     </span>
     <span class='ocr_line' id='line_1_19' title="bbox 261 2558 1391 2664; baseline -0.002 -27"><span class='ocrx_word' id='word_1_160' title='bbox 261 2565 398 2663; x_wconf 87' lang='grc' dir='ltr'>δελφῖνα</span> <span class='ocrx_word' id='word_1_161' title='bbox 423 2563 557 2659; x_wconf 87' lang='grc' dir='ltr'>λέγουσι</span> <span class='ocrx_word' id='word_1_162' title='bbox 590 2562 803 2664; x_wconf 83' lang='grc' dir='ltr'>ὑπολαβόντα</span> <span class='ocrx_word' id='word_1_163' title='bbox 827 2562 984 2641; x_wconf 74' lang='grc' dir='ltr'>ἐξενεῖκαι</span> <span class='ocrx_word' id='word_1_164' title='bbox 1014 2560 1069 2633; x_wconf 78' lang='grc' dir='ltr'>ἐπὶ</span> <span class='ocrx_word' id='word_1_165' title='bbox 1092 2558 1267 2659; x_wconf 83' lang='grc' dir='ltr'>Ταίναρον.</span> <span class='ocrx_word' id='word_1_166' title='bbox 1305 2560 1391 2635; x_wconf 86' lang='grc' dir='ltr'>ἀπσ-</span> 
     </span>
     <span class='ocr_line' id='line_1_20' title="bbox 261 2678 1392 2785; baseline 0 -31"><span class='ocrx_word' id='word_1_167' title='bbox 261 2684 367 2785; x_wconf 85' lang='grc' dir='ltr'>βάντα</span> <span class='ocrx_word' id='word_1_168' title='bbox 386 2683 423 2757; x_wconf 85' lang='grc' dir='ltr'>δὲ</span> <span class='ocrx_word' id='word_1_169' title='bbox 447 2682 545 2754; x_wconf 89' lang='grc' dir='ltr'>αύτδν</span> <span class='ocrx_word' id='word_1_170' title='bbox 564 2682 705 2779; x_wconf 82' lang='grc' dir='ltr'>χωρέειν</span> <span class='ocrx_word' id='word_1_171' title='bbox 725 2681 760 2763; x_wconf 89' lang='grc' dir='ltr'>ἐς</span> <span class='ocrx_word' id='word_1_172' title='bbox 776 2678 942 2779; x_wconf 82' lang='grc' dir='ltr'>Κόρινθον</span> <span class='ocrx_word' id='word_1_173' title='bbox 961 2683 1022 2753; x_wconf 84' lang='grc' dir='ltr'>σὺν</span> <span class='ocrx_word' id='word_1_174' title='bbox 1041 2684 1085 2781; x_wconf 74' lang='grc' dir='ltr'>τη</span> <span class='ocrx_word' id='word_1_175' title='bbox 1104 2683 1219 2780; x_wconf 74' lang='grc' dir='ltr'>σκενῇ,</span> <span class='ocrx_word' id='word_1_176' title='bbox 1241 2684 1295 2754; x_wconf 82' lang='grc' dir='ltr'>καὶ</span> <span class='ocrx_word' id='word_1_177' title='bbox 1312 2678 1392 2754; x_wconf 92' lang='grc' dir='ltr'>ἀπι-</span> 
     </span>
     <span class='ocr_line' id='line_1_21' title="bbox 260 2798 1453 2901; baseline 0.003 -27"><span class='ocrx_word' id='word_1_178' title='bbox 260 2805 398 2896; x_wconf 88' lang='grc' dir='ltr'>κόμενον</span> <span class='ocrx_word' id='word_1_179' title='bbox 419 2800 630 2901; x_wconf 75' lang='grc' dir='ltr'>ἀπηγέεσθαι</span> <span class='ocrx_word' id='word_1_180' title='bbox 648 2806 713 2873; x_wconf 84' lang='grc' dir='ltr'>πᾶν</span> <span class='ocrx_word' id='word_1_181' title='bbox 733 2802 771 2871; x_wconf 88' lang='grc' dir='ltr'>τδ</span> <span class='ocrx_word' id='word_1_182' title='bbox 789 2804 934 2900; x_wconf 88' lang='grc' dir='ltr'>γεγονός.</span> <span class='ocrx_word' id='word_1_183' title='bbox 962 2798 1168 2900; x_wconf 82' lang='grc' dir='ltr'>Περίανδρον</span> <span class='ocrx_word' id='word_1_184' title='bbox 1186 2799 1223 2873; x_wconf 90' lang='grc' dir='ltr'>δέ</span> <span class='ocrx_word' id='word_1_185' title='bbox 1238 2799 1302 2872; x_wconf 88' lang='grc' dir='ltr'>ύπδ</span> <span class='ocrx_word' id='word_1_186' title='bbox 1313 2798 1392 2873; x_wconf 89' lang='grc' dir='ltr'>ἀπι-</span> <span class='ocrx_word' id='word_1_187' title='bbox 1412 2824 1453 2877; x_wconf 75' lang='grc' dir='ltr'>τυ</span> 
     </span>
     <span class='ocr_line' id='line_1_22' title="bbox 260 2911 1394 3020; baseline -0.001 -26"><span class='ocrx_word' id='word_1_188' title='bbox 260 2926 358 3020; x_wconf 92' lang='grc' dir='ltr'>στίης</span> <span class='ocrx_word' id='word_1_189' title='bbox 371 2911 512 3020; x_wconf 80' lang='grc' dir='ltr'>Ἀρίονα</span> <span class='ocrx_word' id='word_1_190' title='bbox 530 2918 590 3014; x_wconf 87' lang='grc' dir='ltr'>μέν</span> <span class='ocrx_word' id='word_1_191' title='bbox 612 2919 646 2991; x_wconf 86' lang='grc' dir='ltr'>ἐν</span> <span class='ocrx_word' id='word_1_192' title='bbox 667 2919 801 3019; x_wconf 75' lang='grc' dir='ltr'>φυλακῇ</span> <span class='ocrx_word' id='word_1_193' title='bbox 821 2917 911 3016; x_wconf 84' lang='grc' dir='ltr'>ἔχειν</span> <span class='ocrx_word' id='word_1_194' title='bbox 930 2918 1065 3018; x_wconf 77' lang='grc' dir='ltr'>οὐδαμῇ</span> <span class='ocrx_word' id='word_1_195' title='bbox 1085 2919 1247 3014; x_wconf 81' lang='grc' dir='ltr'>μετιέντα,</span> <span class='ocrx_word' id='word_1_196' title='bbox 1260 2919 1394 3002; x_wconf 78' lang='grc' dir='ltr'>ἀνακῶς</span> 
     </span>
     <span class='ocr_line' id='line_1_23' title="bbox 259 3036 1392 3139; baseline -0.002 -26"><span class='ocrx_word' id='word_1_197' title='bbox 259 3042 295 3114; x_wconf 88' lang='grc' dir='ltr'>δὲ</span> <span class='ocrx_word' id='word_1_198' title='bbox 315 3041 405 3139; x_wconf 84' lang='grc' dir='ltr'>ἔχειν</span> <span class='ocrx_word' id='word_1_199' title='bbox 425 3049 492 3112; x_wconf 79' lang='grc' dir='ltr'>τῶν</span> <span class='ocrx_word' id='word_1_200' title='bbox 511 3039 706 3137; x_wconf 89' lang='grc' dir='ltr'>πορθμέων.</span> <span class='ocrx_word' id='word_1_201' title='bbox 732 3042 780 3119; x_wconf 80' lang='grc' dir='ltr'>ὡς</span> <span class='ocrx_word' id='word_1_202' title='bbox 799 3036 837 3110; x_wconf 78' lang='grc' dir='ltr'>δέ</span> <span class='ocrx_word' id='word_1_203' title='bbox 850 3038 917 3137; x_wconf 83' lang='grc' dir='ltr'>ἀρα</span> <span class='ocrx_word' id='word_1_204' title='bbox 929 3040 1084 3136; x_wconf 90' lang='grc' dir='ltr'>παρεῖναι</span> <span class='ocrx_word' id='word_1_205' title='bbox 1097 3038 1230 3122; x_wconf 81' lang='grc' dir='ltr'>αὐτούς,</span> <span class='ocrx_word' id='word_1_206' title='bbox 1245 3040 1392 3139; x_wconf 79' lang='grc' dir='ltr'>κληθέν-</span> 
     </span>
     <span class='ocr_line' id='line_1_24' title="bbox 259 3150 1392 3260; baseline 0 -29"><span class='ocrx_word' id='word_1_207' title='bbox 259 3186 317 3241; x_wconf 87' lang='grc' dir='ltr'>τας</span> <span class='ocrx_word' id='word_1_208' title='bbox 336 3159 547 3260; x_wconf 76' lang='grc' dir='ltr'>ἱστορέεσθαι</span> <span class='ocrx_word' id='word_1_209' title='bbox 566 3161 598 3231; x_wconf 88' lang='grc' dir='ltr'>εἴ</span> <span class='ocrx_word' id='word_1_210' title='bbox 615 3184 646 3229; x_wconf 89' lang='grc' dir='ltr'>τι</span> <span class='ocrx_word' id='word_1_211' title='bbox 661 3157 788 3256; x_wconf 87' lang='grc' dir='ltr'>λέγοιεν</span> <span class='ocrx_word' id='word_1_212' title='bbox 801 3160 878 3256; x_wconf 83' lang='grc' dir='ltr'>περὶ</span> <span class='ocrx_word' id='word_1_213' title='bbox 892 3150 1060 3256; x_wconf 87' lang='grc' dir='ltr'>Ἀρίονος.</span> <span class='ocrx_word' id='word_1_214' title='bbox 1083 3160 1243 3255; x_wconf 81' lang='grc' dir='ltr'>φαμένων</span> <span class='ocrx_word' id='word_1_215' title='bbox 1255 3158 1293 3232; x_wconf 84' lang='grc' dir='ltr'>δὲ</span> <span class='ocrx_word' id='word_1_216' title='bbox 1304 3159 1392 3233; x_wconf 82' lang='grc' dir='ltr'>ἐκεί-</span> 
     </span>
     <span class='ocr_line' id='line_1_25' title="bbox 259 3266 1389 3377; baseline 0 -28"><span class='ocrx_word' id='word_1_217' title='bbox 259 3307 326 3349; x_wconf 90' lang='grc' dir='ltr'>νων</span> <span class='ocrx_word' id='word_1_218' title='bbox 355 3282 403 3359; x_wconf 82' lang='grc' dir='ltr'>ὡς</span> <span class='ocrx_word' id='word_1_219' title='bbox 428 3282 481 3377; x_wconf 85' lang='grc' dir='ltr'>εἴη</span> <span class='ocrx_word' id='word_1_220' title='bbox 509 3304 544 3351; x_wconf 91' lang='grc' dir='ltr'>τε</span> <span class='ocrx_word' id='word_1_221' title='bbox 570 3285 640 3359; x_wconf 84' lang='grc' dir='ltr'>σῶς</span> <span class='ocrx_word' id='word_1_222' title='bbox 658 3282 733 3377; x_wconf 79' lang='grc' dir='ltr'>περὶ</span> <span class='ocrx_word' id='word_1_223' title='bbox 749 3266 901 3375; x_wconf 86' lang='grc' dir='ltr'>Ἰταλίην</span> <span class='ocrx_word' id='word_1_224' title='bbox 921 3282 976 3349; x_wconf 90' lang='grc' dir='ltr'>καί</span> <span class='ocrx_word' id='word_1_225' title='bbox 994 3305 1049 3372; x_wconf 91' lang='grc' dir='ltr'>μιν</span> <span class='ocrx_word' id='word_1_226' title='bbox 1068 3280 1105 3349; x_wconf 83' lang='grc' dir='ltr'>εὖ</span> <span class='ocrx_word' id='word_1_227' title='bbox 1123 3282 1320 3377; x_wconf 73' lang='grc' dir='ltr'>πρήσσοντα</span> <span class='ocrx_word' id='word_1_228' title='bbox 1339 3278 1389 3349; x_wconf 93' lang='grc' dir='ltr'>λί-</span> 
     </span>
     <span class='ocr_line' id='line_1_26' title="bbox 258 3385 1448 3497; baseline -0.001 -28"><span class='ocrx_word' id='word_1_229' title='bbox 258 3424 351 3470; x_wconf 88' lang='grc' dir='ltr'>ποιεν</span> <span class='ocrx_word' id='word_1_230' title='bbox 378 3398 413 3469; x_wconf 83' lang='grc' dir='ltr'>ἐν</span> <span class='ocrx_word' id='word_1_231' title='bbox 436 3395 590 3497; x_wconf 88' lang='grc' dir='ltr'>Τάραντι,</span> <span class='ocrx_word' id='word_1_232' title='bbox 612 3398 814 3497; x_wconf 79' lang='grc' dir='ltr'>ἐπιφανῆναί</span> <span class='ocrx_word' id='word_1_233' title='bbox 838 3423 897 3494; x_wconf 89' lang='grc' dir='ltr'>σφι</span> <span class='ocrx_word' id='word_1_234' title='bbox 920 3399 975 3468; x_wconf 91' lang='grc' dir='ltr'>τδν</span> <span class='ocrx_word' id='word_1_235' title='bbox 996 3385 1136 3495; x_wconf 90' lang='grc' dir='ltr'>Ἀρίονα</span> <span class='ocrx_word' id='word_1_236' title='bbox 1160 3399 1276 3495; x_wconf 75' lang='grc' dir='ltr'>ὥσπερ</span> <span class='ocrx_word' id='word_1_237' title='bbox 1300 3398 1391 3494; x_wconf 85' lang='grc' dir='ltr'>ἔχων</span> <span class='ocrx_word' id='word_1_238' title='bbox 1410 3424 1448 3474; x_wconf 76' lang='lat'>25</span> 
     </span>
     <span class='ocr_line' id='line_1_27' title="bbox 259 3515 1393 3615; baseline -0.002 -26"><span class='ocrx_word' id='word_1_239' title='bbox 259 3517 467 3615; x_wconf 71' lang='grc' dir='ltr'>ἐξεπήδησε·</span> <span class='ocrx_word' id='word_1_240' title='bbox 486 3520 540 3589; x_wconf 85' lang='grc' dir='ltr'>καὶ</span> <span class='ocrx_word' id='word_1_241' title='bbox 558 3518 635 3597; x_wconf 85' lang='grc' dir='ltr'>τοὺς</span> <span class='ocrx_word' id='word_1_242' title='bbox 653 3516 880 3612; x_wconf 79' lang='grc' dir='ltr'>ἐκπλαγέντας</span> <span class='ocrx_word' id='word_1_243' title='bbox 897 3515 957 3587; x_wconf 90' lang='grc' dir='ltr'>ούκ</span> <span class='ocrx_word' id='word_1_244' title='bbox 974 3515 1065 3614; x_wconf 86' lang='grc' dir='ltr'>ἔχειν</span> <span class='ocrx_word' id='word_1_245' title='bbox 1084 3515 1131 3588; x_wconf 86' lang='grc' dir='ltr'>ἔτι</span> <span class='ocrx_word' id='word_1_246' title='bbox 1146 3516 1393 3615; x_wconf 81' lang='grc' dir='ltr'>ἐλεγχομένους</span> 
     </span>
    </p>
   </div>
   <div class='ocr_carea' id='block_1_3' title="bbox 260 3774 566 3785">
    <p class='ocr_par' dir='ltr' id='par_1_3' title="bbox 260 3774 566 3785">
     <span class='ocr_line' id='line_1_28' title="bbox 260 3774 566 3785; baseline -0.003 -2"><span class='ocrx_word' id='word_1_247' title='bbox 260 3774 566 3785; x_wconf 58' lang='lat'><em>——.-——---—-—-—--</em></span> 
     </span>
    </p>
   </div>
   <div class='ocr_carea' id='block_1_4' title="bbox 309 3925 1394 4067">
    <p class='ocr_par' dir='ltr' id='par_1_4' title="bbox 309 3925 1394 4067">
     <span class='ocr_line' id='line_1_29' title="bbox 363 3925 1394 4010; baseline 0.001 -31"><span class='ocrx_word' id='word_1_248' title='bbox 363 3928 402 3981; x_wconf 84' lang='lat'>10.</span> <span class='ocrx_word' id='word_1_249' title='bbox 418 3926 514 3991; x_wconf 80' lang='grc' dir='ltr'>Λέξεις.</span> <span class='ocrx_word' id='word_1_250' title='bbox 530 3926 748 4010; x_wconf 73' lang='grc' dir='ltr'>Ηετροστείὶον.</span> <span class='ocrx_word' id='word_1_251' title='bbox 763 3926 908 3982; x_wconf 79' lang='grc' dir='ltr'>έδωλιᾶσαι.</span> <span class='ocrx_word' id='word_1_252' title='bbox 924 3956 958 3969; x_wconf 88' lang='lat'>-·</span> <span class='ocrx_word' id='word_1_253' title='bbox 973 3928 1013 3980; x_wconf 77' lang='lat'>14.</span> <span class='ocrx_word' id='word_1_254' title='bbox 1029 3925 1173 3991; x_wconf 76' lang='grc' dir='ltr'>Λέξτις.-</span> <span class='ocrx_word' id='word_1_255' title='bbox 1193 3928 1233 3981; x_wconf 82' lang='grc'>15.</span> <span class='ocrx_word' id='word_1_256' title='bbox 1247 3926 1343 3991; x_wconf 78' lang='grc' dir='ltr'>Λίξεις,</span> <span class='ocrx_word' id='word_1_257' title='bbox 1357 3956 1394 3969; x_wconf 90' lang='grc'>--</span> 
     </span>
     <span class='ocr_line' id='line_1_30' title="bbox 309 3996 772 4067; baseline -0.004 -18"><span class='ocrx_word' id='word_1_258' title='bbox 309 3998 351 4050; x_wconf 81' lang='lat'>21.</span> <span class='ocrx_word' id='word_1_259' title='bbox 366 3997 462 4061; x_wconf 78' lang='grc' dir='ltr'>Λίξεις.</span> <span class='ocrx_word' id='word_1_260' title='bbox 477 3996 637 4051; x_wconf 77' lang='grc' dir='ltr'>Ευαῑετλυυσ</span> <span class='ocrx_word' id='word_1_261' title='bbox 651 3996 686 4051; x_wconf 81' lang='lat'>11</span> <span class='ocrx_word' id='word_1_262' title='bbox 701 4015 727 4067; x_wconf 87' lang='lat' dir='ltr'>p.</span> <span class='ocrx_word' id='word_1_263' title='bbox 744 3998 772 4049; x_wconf 82' lang='lat'>21</span> 
     </span>
    </p>
   </div>
   <div class='ocr_carea' id='block_1_5' title="bbox 256 4218 1391 4571">
    <p class='ocr_par' dir='ltr' id='par_1_5' title="bbox 256 4218 1391 4571">
     <span class='ocr_line' id='line_1_31' title="bbox 309 4218 1389 4343; baseline 0.002 -70"><span class='ocrx_word' id='word_1_264' title='bbox 309 4224 334 4273; x_wconf 84' lang='lat'>5.</span> <span class='ocrx_word' id='word_1_265' title='bbox 355 4223 473 4294; x_wconf 84' lang='grc' dir='ltr'>πρυῖέντα</span> <span class='ocrx_word' id='word_1_266' title='bbox 491 4239 505 4273; x_wconf 94' lang='grc' dir='ltr'>σ</span> <span class='ocrx_word' id='word_1_267' title='bbox 526 4241 549 4275; x_wconf 88' lang='grc' dir='ltr'>ιν</span> <span class='ocrx_word' id='word_1_268' title='bbox 568 4223 643 4275; x_wconf 78' lang='grc' dir='ltr'>Ιῖύάσ</span> <span class='ocrx_word' id='word_1_269' title='bbox 672 4222 684 4287; x_wconf 84' lang='grc' dir='ltr'>ΙΙ</span> <span class='ocrx_word' id='word_1_270' title='bbox 713 4225 737 4275; x_wconf 89' lang='grc'>6.</span> <span class='ocrx_word' id='word_1_271' title='bbox 759 4218 874 4277; x_wconf 82' lang='grc' dir='ltr'>αύτδνΑ</span> <span class='ocrx_word' id='word_1_272' title='bbox 903 4223 959 4287; x_wconf 69' lang='grc' dir='ltr'>θ’</span> <span class='ocrx_word' id='word_1_273' title='bbox 949 4242 968 4274; x_wconf 90' lang='grc' dir='ltr'>ι.</span> <span class='ocrx_word' id='word_1_274' title='bbox 988 4222 1157 4343; x_wconf 74' lang='grc' dir='ltr'>ταφιλςθ</span> <span class='ocrx_word' id='word_1_275' title='bbox 1054 4224 1157 4288; x_wconf 73' lang='grc' dir='ltr'>αΙῖθ</span> <span class='ocrx_word' id='word_1_276' title='bbox 1186 4220 1265 4293; x_wconf 97' lang='grc' dir='ltr'>θύη</span> <span class='ocrx_word' id='word_1_277' title='bbox 1231 4218 1389 4295; x_wconf 79' lang='grc' dir='ltr'>ύηοσείρσί.</span> 
     </span>
     <span class='ocr_line' id='line_1_32' title="bbox 258 4242 1391 4363; baseline 0.002 -20"><span class='ocrx_word' id='word_1_278' title='bbox 258 4292 285 4343; x_wconf 87' lang='grc' dir='ltr'>ύὲ</span> <span class='ocrx_word' id='word_1_279' title='bbox 315 4294 326 4355; x_wconf 84' lang='grc' dir='ltr'>ΙΙ</span> <span class='ocrx_word' id='word_1_280' title='bbox 355 4294 380 4343; x_wconf 86' lang='grc'>9.</span> <span class='ocrx_word' id='word_1_281' title='bbox 401 4308 458 4363; x_wconf 84' lang='grc' dir='ltr'>σφιν</span> <span class='ocrx_word' id='word_1_282' title='bbox 470 4242 567 4346; x_wconf 61' lang='grc' dir='ltr'>Αύίῐύ</span> <span class='ocrx_word' id='word_1_283' title='bbox 591 4294 602 4356; x_wconf 88' lang='grc' dir='ltr'>ΙΙ</span> <span class='ocrx_word' id='word_1_284' title='bbox 626 4290 735 4345; x_wconf 83' lang='grc' dir='ltr'>ύοκέειό</span> <span class='ocrx_word' id='word_1_285' title='bbox 759 4294 805 4357; x_wconf 75' lang='lat' dir='ltr'>ll</span> <span class='ocrx_word' id='word_1_286' title='bbox 816 4290 955 4343; x_wconf 79' lang='grc' dir='ltr'>ειιδέεινα</span> <span class='ocrx_word' id='word_1_287' title='bbox 983 4294 994 4357; x_wconf 88' lang='grc' dir='ltr'>ΙΙ</span> <span class='ocrx_word' id='word_1_288' title='bbox 1040 4296 1065 4344; x_wconf 88' lang='grc'>6</span> <span class='ocrx_word' id='word_1_289' title='bbox 1080 4290 1244 4353; x_wconf 83' lang='grc' dir='ltr'>εδτύλοισιΑ,</span> <span class='ocrx_word' id='word_1_290' title='bbox 1259 4290 1391 4345; x_wconf 80' lang='grc' dir='ltr'>ἐύώλοισιν</span> 
     </span>
     <span class='ocr_line' id='line_1_33' title="bbox 260 4309 1391 4431; baseline -0.001 -16"><span class='ocrx_word' id='word_1_291' title='bbox 260 4362 300 4424; x_wconf 82' lang='lat'>0¹,</span> <span class='ocrx_word' id='word_1_292' title='bbox 315 4359 510 4425; x_wconf 74' lang='grc' dir='ltr'>ἐδωλίσισιόβ</span> <span class='ocrx_word' id='word_1_293' title='bbox 542 4360 580 4411; x_wconf 83' lang='lat'>11.</span> <span class='ocrx_word' id='word_1_294' title='bbox 602 4379 678 4431; x_wconf 86' lang='grc' dir='ltr'>κατερ</span> <span class='ocrx_word' id='word_1_295' title='bbox 678 4309 844 4429; x_wconf 56' lang='grc' dir='ltr'>γπάσεσθαιέθ</span> <span class='ocrx_word' id='word_1_296' title='bbox 865 4363 876 4425; x_wconf 70' lang='grc' dir='ltr'>η</span> <span class='ocrx_word' id='word_1_297' title='bbox 908 4362 948 4412; x_wconf 83' lang='grc'>15.</span> <span class='ocrx_word' id='word_1_298' title='bbox 968 4359 1084 4413; x_wconf 84' lang='grc' dir='ltr'>εύώλοισι</span> <span class='ocrx_word' id='word_1_299' title='bbox 1097 4366 1133 4423; x_wconf 78' lang='grc' dir='ltr'>Α,</span> <span class='ocrx_word' id='word_1_300' title='bbox 1149 4360 1308 4425; x_wconf 59' lang='lat' dir='ltr'>emmeno,</span> <span class='ocrx_word' id='word_1_301' title='bbox 1324 4359 1391 4414; x_wconf 84' lang='grc' dir='ltr'>ἐδω-</span> 
     </span>
     <span class='ocr_line' id='line_1_34' title="bbox 256 4379 1391 4500; baseline 0 -19"><span class='ocrx_word' id='word_1_302' title='bbox 256 4428 358 4482; x_wconf 87' lang='grc' dir='ltr'>λίοισιό</span> <span class='ocrx_word' id='word_1_303' title='bbox 387 4432 398 4495; x_wconf 76' lang='grc' dir='ltr'>ΙΙ</span> <span class='ocrx_word' id='word_1_304' title='bbox 427 4428 529 4499; x_wconf 87' lang='grc' dir='ltr'>ύρθρισν</span> <span class='ocrx_word' id='word_1_305' title='bbox 542 4430 606 4483; x_wconf 71' lang='lat' dir='ltr'>Rha</span> <span class='ocrx_word' id='word_1_306' title='bbox 634 4432 645 4494; x_wconf 93' lang='grc' dir='ltr'>ΙΙ</span> <span class='ocrx_word' id='word_1_307' title='bbox 665 4379 715 4481; x_wconf 67' lang='lat' dir='ltr'>pss.</span> <span class='ocrx_word' id='word_1_308' title='bbox 735 4428 821 4498; x_wconf 85' lang='grc' dir='ltr'>ἐςτην</span> <span class='ocrx_word' id='word_1_309' title='bbox 833 4426 951 4500; x_wconf 78' lang='grc' dir='ltr'>κόρινθον</span> <span class='ocrx_word' id='word_1_310' title='bbox 965 4430 1040 4482; x_wconf 75' lang='lat' dir='ltr'><strong><em>Rbdz</em></strong></span> <span class='ocrx_word' id='word_1_311' title='bbox 1070 4432 1081 4494; x_wconf 78' lang='grc'>11</span> <span class='ocrx_word' id='word_1_312' title='bbox 1112 4403 1152 4481; x_wconf 77' lang='grc'>16.</span> <span class='ocrx_word' id='word_1_313' title='bbox 1172 4429 1222 4497; x_wconf 80' lang='grc' dir='ltr'>ἐπὶ]</span> <span class='ocrx_word' id='word_1_314' title='bbox 1243 4430 1270 4489; x_wconf 84' lang='grc' dir='ltr'>ἐς</span> <span class='ocrx_word' id='word_1_315' title='bbox 1283 4403 1358 4483; x_wconf 54' lang='lat' dir='ltr'>libas</span> <span class='ocrx_word' id='word_1_316' title='bbox 1382 4433 1391 4488; x_wconf 75' lang='grc' dir='ltr'>ΙΙ</span> 
     </span>
     <span class='ocr_line' id='line_1_35' title="bbox 257 4497 911 4571; baseline 0.002 -20"><span class='ocrx_word' id='word_1_317' title='bbox 257 4500 299 4551; x_wconf 82' lang='lat'>2³.</span> <span class='ocrx_word' id='word_1_318' title='bbox 320 4498 384 4569; x_wconf 83' lang='grc' dir='ltr'>περὶ]</span> <span class='ocrx_word' id='word_1_319' title='bbox 400 4515 431 4549; x_wconf 91' lang='grc' dir='ltr'>πε</span> <span class='ocrx_word' id='word_1_320' title='bbox 433 4498 559 4569; x_wconf 79' lang='grc' dir='ltr'>ρλτηνάι</span> <span class='ocrx_word' id='word_1_321' title='bbox 589 4500 599 4563; x_wconf 83' lang='grc' dir='ltr'>ΙΙ</span> <span class='ocrx_word' id='word_1_322' title='bbox 629 4498 671 4550; x_wconf 80' lang='grc'>26.</span> <span class='ocrx_word' id='word_1_323' title='bbox 692 4497 859 4571; x_wconf 77' lang='grc' dir='ltr'>ἐλεγχόμενος</span> <span class='ocrx_word' id='word_1_324' title='bbox 874 4499 911 4552; x_wconf 75' lang='lat'>0¹</span> 
     </span>
    </p>
   </div>
   <div class='ocr_carea' id='block_1_6' title="bbox 0 0 1592 5092">
    <p class='ocr_par' dir='ltr' id='par_1_6' title="bbox 0 0 1592 5092">
     <span class='ocr_line' id='line_1_36' title="bbox 0 0 1592 5092; baseline 0 3"><span class='ocrx_word' id='word_1_325' title='bbox 0 0 1592 5092; x_wconf 95' lang='lat' dir='ltr'> </span> 
     </span>
    </p>
   </div>
  </div>
 </body>
</html>
