3175 5092
283 351 370 398 xvm
541 363 543 366 >
780 331 926 386 Praelatio.

390 508 450 580 36.
483 507 894 602 cantabrigiensis
925 509 1158 594 chartaceus,
1196 506 1280 580 libri
1308 506 1419 601 primi

130 604 132 608 Ι
287 645 389 731 parte
412 659 573 721 mannua,
601 634 687 707 olim
711 636 869 708 Antonii
893 635 1043 722 AskeW,
1070 663 1092 708 a
1117 660 1190 731 quo
1210 638 1264 708 W
1263 633 1422 745 esseling

288 773 476 858 acceperat
495 763 706 838 varietatem
724 762 901 837 lectionis.
949 763 1082 859 (ABG)

390 892 450 965 37.
477 891 733 967 Etonensis
751 918 774 964 a
791 889 910 966 Galeo
927 893 991 964 hic
1007 891 1086 964 illic
1103 894 1302 987 inspectus.

481 1022 794 1094 oxonienses:

392 1152 452 1224 38.
481 1150 722 1222 Barocoianur
745 1151 830 1235 114,
848 1151 1072 1235 chartaceus,
1089 1150 1167 1220 XV
1183 1174 1290 1235 saec,
1304 1150 1346 1221 in
1358 1174 1420 1244 qu.

392 1280 452 1352 39.
487 1279 732 1350 Baroccianus
766 1279 854 1364 102,
891 1277 1166 1363 miscellaneae,
1197 1279 1424 1362 chartaceus,

289 1409 368 1480 XV
386 1431 492 1494 saec,
510 1407 552 1480 in
570 1431 631 1501 qu.

394 1538 454 1609 40.
490 1535 734 1606 Baroccianus
760 1536 856 1621 200,
888 1536 1122 1622 chartaceus,
1147 1535 1188 1607 in
1211 1532 1296 1623 fol,
1327 1559 1424 1608 anno

293 1666 390 1737 1515
422 1688 536 1735 manu
565 1664 737 1736 Andreae
767 1664 868 1735 Doni
900 1664 1017 1737 nitide
1047 1665 1224 1758 scriptus,
1259 1665 1425 1736 continet

290 1795 327 1865 A
346 1794 395 1866 45
412 1793 497 1863 ——E
517 1792 576 1866 92.

393 1922 454 1992 41.
468 1917 704 1992 ¹Bodleianus
723 1919 835 1992 2935.
873 1918 1038 2013 inspexit
1055 1917 1299 2006 Gaisfordius,
1323 1917 1426 1992 velut

292 2051 338 2121 ad
356 2046 383 2122 Γ
403 2049 463 2122 23.

395 2179 455 2250 42.
497 2176 797 2249 Matritensis
831 2173 1080 2248 bibliothecae
1115 2177 1238 2270 regiae
1268 2177 1425 2263 XXXI,

291 2307 522 2378 ‘chartaceus
546 2301 627 2376 10111
652 2305 772 2390 modo,
797 2301 970 2375 foliorum
997 2327 1150 2376 numero
1174 2304 1261 2392 273,
1287 2330 1310 2375 a
1327 2304 1426 2376 Con-

292 2435 456 2507 stantino
473 2433 623 2504 Lascari
641 2441 812 2504 exaratus
830 2432 1023 2504 Messanae
1041 2457 1073 2504 a.
1098 2433 1223 2504 1487)
1272 2433 1427 2505 Iriartae

292 2571 378 2633 sunt
396 2563 518 2634 verba.

394 2690 486 2761 Vidi
520 2689 587 2760 hos
620 2688 699 2782 ipse
728 2696 874 2782 praeter
903 2687 1176 2776 Mutinensem,
1209 2690 1315 2762 cuius
1347 2698 1427 2761 tum

294 2818 337 2916 (a.
369 2815 480 2912 1862)
520 2840 606 2889 casu
645 2818 767 2889 aditus
809 2815 1141 2904 intercludebatur,
1187 2843 1230 2892 ac
1264 2820 1427 2892 Venetos

293 2947 526 3020 Britannicos
543 2969 752 3040 paucosque
769 2943 870 3017 alios.
914 2956 1098 3040 postremo
1116 2956 1251 3033 autem,
1271 2971 1319 3020 ne
1337 2947 1428 3040 quid

294 3079 340 3148 ad
367 3073 514 3170 plenam
539 3075 706 3147 codicum
731 3074 906 3147 notitiam
923 3076 1168 3160 desideretur,
1193 3097 1256 3146 eos
1280 3098 1428 3168 quoque

294 3206 451 3278 strictim
471 3205 776 3290 commemorabo,
802 3205 938 3296 quibus
963 3212 1138 3296 excerpta
1161 3203 1294 3273 harum
1309 3202 1429 3275 histo-

294 3337 434 3408 riarum
448 3334 524 3406 sive
539 3330 616 3404 sola
628 3355 694 3426 per
708 3356 746 3404 se
759 3333 839 3403 sive
852 3329 935 3403 aliis
948 3331 1165 3402 intermixta
1177 3331 1426 3404 continentur.

294 3487 451 3558 quorum
468 3463 510 3534 in
527 3483 682 3534 numero
700 3467 883 3532 vetustate
901 3459 1072 3552 princeps
1089 3467 1145 3532 est

398 3591 458 3664 43.
487 3589 723 3674 Turonensis,
742 3613 765 3660 a
780 3587 963 3660 Peirescio
988 3585 1078 3658 olim
1102 3589 1143 3658 in
1161 3587 1284 3684 Cypro
1308 3585 1431 3660 insula

296 3729 461 3816 emptus,
487 3743 534 3792 ex
559 3715 693 3814 eclogia
712 3715 1031 3789 Constantinianio
1056 3740 1182 3788 earum
1199 3740 1346 3788 servans
1365 3741 1430 3789 ex-

165 3839 176 3850 ’
296 3859 432 3945 carpta,
448 3871 542 3942 quae
557 3845 745 3940 pertinent
763 3847 809 3916 ad
826 3842 979 3916 titulum
994 3846 1072 3942 περὶ
1088 3840 1213 3943 ἀρετῆς
1230 3844 1285 3914 καὶ
1303 3848 1427 3923 κακίας.

295 3979 367 4052 loci
399 3979 528 4051 insunt
556 3999 605 4048 ex
630 3975 822 4048 Herodoto
848 3974 989 4067 sumpti
1011 3996 1165 4045 numero
1183 3972 1233 4044 63
1259 3969 1334 4066 (fol.
1358 3973 1429 4044 164

302 4109 422 4182 -167
440 4116 480 4180 01
501 4103 733 4198 tal—190),
759 4127 851 4197 quos
873 4100 1033 4174 contulit
1056 4125 1175 4194 nuper
1194 4101 1432 4172 varietatem·
1575 4094 1576 4155 l

298 4261 370 4332 que
400 4233 602 4308 lectionum
635 4232 752 4306 edidit
780 4231 909 4303 maiori
943 4229 1136 4324 diligentia
1165 4251 1278 4322 quam
1308 4225 1432 4300 fructu
1575 4258 1576 4261 ¹

296 4364 415 4440 Iulius
433 4361 684 4457 Wollenberg.
735 4385 805 4432 nec
828 4359 928 4431 enim
952 4355 1027 4430 fere
1053 4358 1251 4452 quiequam
1274 4357 1362 4430 inde
1387 4359 1434 4428 ad

298 4494 504 4588 augendam
532 4489 833 4564 illustrandamve
862 4482 1129 4581 supellectilem
1157 4486 1324 4558 criticam
1348 4509 1434 4579 pro·
