3175 5092
657 371 801 427 Prudutio.
1258 393 1301 436 ΙΝ

161 549 415 620 συνεπεπτώκεε
434 544 503 644 ἔρις
525 489 629 619 ἐοῦσα
650 547 736 644 πρὸς
759 535 935 644 Ἀργείους
951 549 1027 643 περὶ
1044 549 1161 644 χώρου
1179 545 1299 618 καλεο-

24 715 25 718 ι
160 674 269 768 με’νου
297 670 487 770 Θυρέης·
525 670 599 752 τὰς
632 670 714 770 γάρ
741 671 908 771 Θυρέας
939 675 1063 754 ταύτας
1090 672 1211 753 ἐούσας
1237 682 1300 773 τῆς

156 790 362 898 Ἀργολίδος
380 799 449 872 κτλ.
494 809 606 894 atque
622 801 759 874 ibidem
781 799 908 898 Θυρέας
925 809 962 873 et
980 797 1136 898 Θυρέῃσι,
1156 810 1195 872 at
1209 799 1235 872 Z
1251 803 1299 874 76
1415 804 1425 818 “

157 951 288 1000 rursus
313 925 442 1025 Θυρέην
469 937 534 1000 cst.
581 923 731 1000 Μαλέων
758 931 795 1000 Α
814 930 862 1001 82
889 928 954 1023 (sic
971 928 1069 1000 enim
1085 926 1200 1014 volui,
1226 951 1301 1000 non

158 1059 262 1151 quod
292 1065 551 1148 expresserunt
581 1050 780 1150 Μαλιέων),
816 1051 960 1154 Μαλέην
985 1054 1013 1124 Δ
1042 1057 1124 1128 176.
1154 1053 1185 1126 Η
1216 1059 1298 1130 168.

160 1183 338 1256 Πλάταιαν
363 1182 475 1256 semol
499 1184 597 1256 dixit
622 1181 647 1254 Θ
668 1185 729 1270 50,
755 1207 865 1277 quam
890 1183 1023 1255 totiens
1039 1207 1140 1257 moro
1156 1184 1301 1280 wlgari

156 1335 246 1384 canu
272 1311 385 1382 dandi
409 1309 677 1404 accusandique
702 1309 761 1384 vel
779 1308 971 1409 Πλαταιῇσι
988 1319 1026 1383 ct
1044 1309 1227 1394 Πλαταιάς,
1259 1324 1302 1386 ut

157 1440 308 1534 scripsit
335 1441 368 1511 Ο
390 1447 500 1533 atquc
524 1440 709 1512 interdum
734 1439 771 1510 R
801 1463 849 1512 cx
873 1439 1076 1512 Herodiani
1106 1451 1301 1535 praecepto

158 1571 177 1639 Ι
196 1593 234 1662 p.
257 1565 347 1652 273,
371 1565 441 1653 vel,
466 1568 566 1640 utin
585 1568 796 1662 Archetypo
819 1564 893 1638 fuit
909 1570 948 1639 et
964 1567 1040 1640 AB
1056 1578 1301 1662 perseverant,

160 1693 357 1792 Μλαταίῃσι
374 1705 412 1766 et
425 1692 606 1774 Πλαταίας.
641 1704 679 1767 ct
696 1694 788 1769 h'acc
804 1695 951 1790 quidem
969 1695 1121 1790 ancipiti
1136 1717 1299 1771 numero.

158 1821 378 1896 heteroclita
394 1830 517 1894 autem
535 1823 627 1895 haec
645 1825 789 1896 habeto.
835 1819 1028 1894 Οἰδιπόδεω
1048 1820 1075 1893 Δ
1097 1825 1181 1910 149,
1209 1822 1300 1896 Οἰδί-

157 1976 242 2023 πουν
263 1945 296 2020 Ε
315 1953 377 2036 60,
395 1950 490 2022 sicut
506 1947 664 2048 ἀρτίπουν
684 1948 710 2020 Γ
732 1951 823 2022 136;
853 1958 980 2022 contra
997 1945 1208 2044 Μελάμπους
1225 1947 1299 2023 Με-

159 2077 338 2172 λάμποδος
361 2073 575 2170 Μελάμποδα
603 2073 714 2149 1349.
745 2074 776 2148 Η
798 2080 883 2150 221.
914 2075 928 2147 l
953 2079 1013 2149 34.
1059 2073 1178 2158 Μίνως
1201 2074 1300 2150 Μίνω

158 2210 193 2278 Α
216 2208 304 2278 171.
329 2205 413 2291 173,
439 2200 577 2283 Μίνωος
602 2202 629 2276 Γ
651 2207 741 2277 122:
773 2209 836 2278 sed
861 2204 1230 2292 ammanitem,
1255 2210 1302 2280 ad

160 2359 250 2430 quaa
270 2334 427 2406 varietas
454 2332 619 2404 codicum
641 2335 755 2420 redit,
770 2363 771 2366 ¹
786 2334 971 2406 inauditas
999 2330 1032 2403 H
1054 2336 1125 2409 176
1151 2330 1298 2415 Μίνιων,

162 2461 190 2534 Η
208 2465 280 2536 171
300 2457 418 2534 Μίνευ
431 2484 474 2533 co
487 2461 608 2532 minua
622 2461 740 2534 ausim
752 2462 950 2548 vindicare,
964 2465 1063 2557 quod
1075 2461 1201 2556 paullo
1215 2471 1301 2535 anto

160 2593 198 2664 H
221 2592 298 2666 169
323 2589 363 2662 in
387 2589 610 2662 nominativo
633 2585 751 2671 Μίνως
774 2615 850 2662 non
868 2592 1068 2664 discessum
1092 2601 1148 2663 cat
1164 2617 1187 2662 a
1204 2616 1302 2662 com—

161 2720 266 2792 muni
287 2719 418 2814 capite.
457 2720 584 2792 cadem
602 2717 666 2790 illa
683 2719 901 2814 ambiguitas
918 2720 960 2791 in
976 2720 1106 2792 codem
1124 2718 1301 2793 vocabulo

160 2851 260 2947 ἤραο
279 2845 849 2944 Β143.Ζυυ,ῆρωνΑ16”ι,1ο
864 2845 1036 2920 ωιωοω
1052 2847 1188 2947 πωρον
1202 2846 1298 2921 ατο.

162 2975 172 3046 Ι
190 2979 250 3063 78,
275 2977 419 3072 μήτρωα
432 2971 528 3046 1180.
565 2971 691 3046 είλωτα
705 2971 843 3056 εἵλωτες
855 2972 1187 3076 eiicmcieguntur
1201 2973 1299 3048 Ζ81.

162 3102 192 3175 H
212 3104 302 3176 229.
331 3101 358 3174 Θ
377 3105 437 3175 25.
457 3098 475 3172 Ἰ
496 3103 557 3174 80.
578 3103 639 3188 85,
665 3103 800 3197 hisque
818 3111 1059 3198 congruenter
1076 3103 1225 3174 εἱλώτων
1246 3113 1302 3176 ter

162 3229 172 3302 1
191 3233 398 3317 1112886,
412 3229 717 3303 contracturam
733 3239 910 3325 tanquam
923 3235 971 3304 ab
985 3230 1130 3330 είλιθτρς
1141 3232 1232 3304 itcm
1245 3239 1302 3305 tar

163 3359 187 3432 Z
207 3362 268 3432 58.
293 3361 353 3430 75.
375 3360 435 3432 86.
481 3357 569 3456 ὄρνις
587 3368 626 3431 ct
641 3357 730 3456 ὄρνιν
753 3357 890 3434 faciali
910 3359 958 3432 73
976 3369 1015 3433 ct
1032 3358 1194 3458 δρνιθαίλ
1217 3361 1300 3446 131,

161 3509 244 3560 cum
257 3511 327 3582 per
337 3485 497 3581 reliquos
511 3509 615 3560 cacus
628 3509 754 3559 omncs
769 3498 930 3560 assumat
939 3511 1146 3561 consonam.
1177 3512 1302 3560 rursus

161 3617 259 3714 χάρις
278 3616 425 3708 saepius
443 3613 551 3712 χάριν,
581 3616 793 3708 praescium
816 3617 856 3688 in
875 3614 1041 3688 formulis
1063 3617 1162 3714 χάριν
1179 3615 1301 3690 εἰδέναι

163 3746 267 3816 Α71.
284 3738 815 3841 Γ21.125.Δ136.179,χάριν
829 3742 1183 3841 ἔχεινΗ12θ,αίιιΜ
1195 3769 1301 3838 prae-

161 3871 352 3965 positionis
370 3871 449 3944 vice
467 3867 633 3966 fungitur
651 3866 680 3941 E
700 3871 747 3944 99
769 3873 831 3969 τὴν
846 3860 1044 3970 Ἀθηναίων
1062 3872 1183 3970 χοίρως
1211 3873 1300 3946 item

164 3995 191 4069 Η
217 4001 289 4072 178
308 3998 407 4096 χάριν
427 3997 614 4081 κατέθεντο,
644 3995 657 4069 l
678 4001 726 4072 60
744 3999 842 4098 χάριν
859 3998 974 4082 θέσθε,
1004 4008 1045 4072 at
1061 3997 1088 4070 Z
1107 4000 1151 4070 41
1179 3998 1301 4096 χάριτα

163 4123 426 4225 καταθήσεσθαι,
448 4121 461 4195 1
480 4127 551 4198 107
565 4123 686 4224 χάριτα
703 4123 889 4220 τιθέμενος.
924 4150 1039 4222 caque
1057 4127 1302 4200 inconstantia

164 4255 377 4328 transfluxit
400 4256 447 4325 ad
472 4254 693 4326 adiectivum
716 4253 856 4353 άχαρις;
884 4257 1045 4353 συμφορῇ
1063 4251 1168 4354 ἀχάρι
1181 4259 1218 4328 Α
1237 4259 1300 4343 41,

165 4379 309 4482 ἀχάριτα
329 4381 517 4480 μαθήματα
532 4384 569 4454 A
589 4381 677 4468 267,
699 4378 950 4480 ἀχαριτώτατον
969 4381 1000 4454 Η
1023 4385 1106 4457 156.
1151 4385 1302 4457 nomina

164 4511 349 4608 Aegyptia
372 4509 414 4580 in
438 4511 487 4591 ὧξ
508 4519 610 4604 patet
633 4511 706 4584 iam
732 4519 864 4583 cuncta
887 4518 925 4584 et
947 4511 1225 4587 declinationem
1245 4536 1301 4587 se-
