3175 5092
270 354 318 400 1.11
759 332 906 390 Praefatio.

268 513 425 582 barbara
439 518 563 582 autern
578 499 774 607 (Ἀριάντας)
784 497 957 608 Ἀριάνταν
973 507 1000 580 Δ
1015 512 1076 598 81,
1088 503 1250 605 ’Ἀμίλκας
1263 502 1408 606 Ἀμίλκα

266 626 425 732 Ἀμίλκαν
452 633 484 708 Η
509 638 725 722 165-167,
753 635 877 733 (rixae)
899 636 983 709 Σίκα
1001 635 1033 709 H
1054 640 1123 723 98,
1148 646 1188 710 et
1210 637 1407 709 fluminum

271 761 386 864 Αὔρας
402 763 429 836 Δ
448 767 510 852 49,
529 762 640 863 Δύρας
659 762 690 836 Η
715 766 798 851 198,
824 791 867 838 ac
883 763 1035 838 fortasse
1047 752 1169 845 Ἀτλας
1187 763 1214 836 Δ
1233 767 1294 838 49.
1339 791 1409 838 nec

270 891 368 988 fugit
398 892 557 987 aliquem
590 917 718 966 eorum
748 895 813 988 qui
844 896 889 966 de
921 894 1136 968 differentiis
1169 893 1409 966 dialectorum

270 1019 416 1110 exiliter
440 1020 506 1093 illa
530 1047 572 1092 ac
597 1045 729 1114 parum
752 1021 924 1094 distincte
952 1046 1179 1117 praecepere.
1228 1023 1279 1094 sie
1306 1023 1408 1095 enim

270 1151 528 1242 grammaticus
553 1158 596 1221 ut
617 1158 749 1223 vocant
771 1149 1098 1223 Meermannianus
1122 1153 1198 1249 περὶ
1223 1148 1407 1221 διαλέκτων

270 1303 304 1370 p.
327 1279 400 1352 649
427 1274 610 1350 Schaefer.
645 1276 688 1371 (ot
706 1264 834 1373 Ἴωνες)
855 1277 898 1351 τὰ
922 1278 970 1358 είς
1004 1284 1046 1358 a}
1071 1277 1220 1376 λήγοντα
1247 1275 1406 1371 ὀνόματα,

271 1405 328 1478 ἐὰν
349 1408 398 1502 μη
416 1404 479 1478 ὦσι
498 1403 641 1503 Δωρικά,
660 1405 707 1486 είς
725 1405 769 1503 η“ς
787 1404 974 1503 τρέπουσιν.
1021 1431 1116 1500 quae
1134 1406 1305 1478 adhibuit
1319 1403 1409 1477 Bre-

271 1534 398 1606 dovius
420 1558 456 1627 p.
481 1534 565 1618 127,
591 1541 629 1604 et
652 1534 857 1604 confirmari
876 1536 1035 1628 quodam
1052 1535 1159 1606 modo
1177 1536 1348 1606 videntur
1364 1557 1408 1605 eo

272 1663 370 1755 quod
383 1655 559 1758 Ἀριστέης
576 1658 603 1730 Δ
622 1662 665 1732 13
685 1670 741 1733 est
757 1685 891 1733 nomen
909 1661 1322 1753 hominissProoonnesii
1338 1663 1408 1732 hoc

271 1797 326 1862 est
339 1790 480 1862 ionicae
494 1790 630 1883 stirpis,
639 1782 934 1888 ἈριστέαςΠ137
945 1791 1141 1863 Corinthii.
1169 1793 1233 1862 sed
1245 1791 1315 1862 hoc
1328 1791 1409 1884 ipso

272 1926 466 2012 praecepto
484 1927 689 2012 opportune
708 1941 910 2004 monemur,
924 1943 972 1990 ne
986 1919 1167 2012 quidquid
1179 1919 1409 2013 grammatici

273 2049 440 2140 quamvis
460 2070 543 2119 vere
562 2048 859 2118 animadvertunt
883 2049 930 2117 ad
954 2046 1212 2119 stabiliendam
1234 2047 1409 2118 continuo

271 2177 540 2270 regendamque
551 2175 767 2268 scriptorum
777 2183 966 2268 tamquam
974 2175 1098 2247 edicto
1108 2175 1409 2248 cousuetudinem

273 2305 484 2376 abutamur:
513 2303 544 2374 si
563 2303 711 2396 quidem
729 2301 938 2376 Herodotus
956 2304 1039 2398 ipsa
1055 2303 1290 2376 Doriensium
1307 2304 1348 2375 iu
1368 2304 1410 2379 (ῖς

274 2433 423 2504 nomina
448 2430 623 2526 pleraque
648 2440 857 2505 constanter
879 2433 986 2505 effert
1010 2456 1075 2526 per
1096 2457 1140 2530 ης
1164 2456 1211 2503 to
1229 2456 1253 2530 η
1271 2455 1334 2529 ην,
1365 2439 1410 2500 ut

268 2554 409 2659 ’Ἀρχίης
429 2547 557 2658 Ἤγίης
582 2557 777 2658 Παυσανίης
802 2559 974 2659 Σπερθίης
998 2555 1134 2657 Κελέης
1158 2557 1297 2656 Πυθέης
1316 2555 1408 2628 Παν-

272 2691 367 2786 τίτης
385 2684 607 2786 Παραιβάτης
627 2686 819 2782 multaque
837 2688 877 2759 in
896 2687 969 2785 λης.
1016 2688 1113 2760 idem
1131 2688 1172 2758 in
1189 2685 1273 2758 aliis
1291 2687 1410 2757 nomi-

273 2817 402 2901 nibus,
428 2825 507 2886 tum
533 2815 672 2888 eisdem
697 2825 776 2888 tum
803 2839 936 2910 genere
961 2813 1134 2886 affinibus
1159 2823 1198 2886 et
1215 2815 1346 2886 doricis
1371 2823 1410 2884 et

272 2943 527 3015 communibus
553 2967 627 3016 nou
654 2945 793 3016 devitat
817 2922 1130 3037 disparilitatem*
1148 2967 1270 3036 neque
1300 2966 1409 3036 quam

272 3071 442 3146 vocabuli
458 3069 632 3164 simplicis
644 3069 799 3144 formam
811 3095 986 3166 narnpare
999 3073 1190 3144 consuevit
1200 3072 1355 3142 eandem
1369 3071 1410 3140 in

273 3199 483 3296 compositis
501 3223 644 3294 semper
660 3203 808 3287 retinet,
833 3201 939 3272 cuius
956 3201 1010 3272 rei
1036 3224 1121 3272 cum
1140 3198 1216 3270 alia
1233 3197 1330 3270 iufra
1346 3201 1411 3268 da-

272 3333 411 3402 buntur
427 3328 611 3423 exempla
630 3337 710 3402 turn
727 3330 819 3401 haee
837 3338 924 3401 sunt
940 3329 1112 3424 insignia.
1159 3327 1291 3400 vocula
1307 3334 1351 3426 γῆ
1370 3328 1410 3398 in

273 3457 481 3551 compositis
499 3456 579 3528 abit
596 3457 635 3528 in
653 3482 741 3555 γιωτ
763 3454 794 3527 H
810 3458 859 3529 28
873 3455 1067 3552 γεωπέδων,
1087 3451 1169 3529 Β6.
1190 3453 1216 3526 Θ
1234 3455 1301 3527 111
1320 3481 1409 3552 γεω-

272 3587 393 3668 πεῖναι,
414 3581 441 3654 Δ
456 3585 530 3657 200
549 3584 809 3681 γεωρυχέοντας,
830 3593 869 3656 at
885 3585 926 3656 in
944 3609 988 3681 γα
1007 3581 1038 3654 H
1057 3585 1128 3656 155
1146 3584 1225 3663 τοὺς
1241 3584 1410 3680 γαμόρους

273 3712 496 3806 καλεομένους
513 3718 580 3783 τῶν
596 3709 827 3810 Συρηκοσίων.
863 3711 948 3792 λειίις
965 3736 1051 3784 eum
1069 3712 1208 3805 ubique
1226 3710 1411 3804 scripsisse

273 3865 341 3913 nec
366 3849 431 3912 aut
456 3839 539 3920 λαός
564 3851 628 3911 aut
654 3839 754 3936 ληός,
780 3841 877 3935 quod
903 3840 1053 3934 quidem
1077 3839 1270 3911 Dindorfio
1293 3838 1411 3932 magis

272 3969 425 4064 placuit,
443 3965 552 4040 facile
571 3969 727 4039 concedo
745 3967 935 4040 Bredovio.
971 3968 1057 4040 λεών
1074 3968 1173 4040 enim
1191 3965 1265 4039 fuit
1281 3967 1323 4038 in
1339 3970 1412 4037 Ar·

272 4099 430 4194 chetypo
455 4097 492 4167 A
511 4097 571 4168 22.
599 4093 625 4166 o
649 4095 733 4182 136,
758 4094 827 4168 λεώ
852 4119 918 4190 pro
943 4096 1029 4168 λεών
1051 4095 1183 4168 leviter
1198 4102 1410 4188 corruptum

273 4222 529 4319 Bl29,paullo
539 4219 685 4319 gravius
695 4221 1127 4319 conuptumB1246lln
1135 4248 1200 4318 pro
1209 4222 1284 4319 λεηκ
1297 4221 1411 4296 semel

273 4350 817 4452 rqorurasemelraooms.
839 4353 932 4426 haec
945 4353 1059 4448 igitur
1070 4354 1143 4423 duo
1156 4377 1232 4424 non
1245 4352 1411 4423 dubitavi

275 4482 470 4576 corrigere:
490 4483 554 4554 sed
569 4483 666 4554 idem
681 4484 779 4575 quod
790 4483 833 4553 in
843 4481 1022 4579 λαοφόρων
1031 4484 1068 4552 Α
1080 4481 1150 4553 187
1161 4477 1411 4574 obtemperavi
