3175 5092
668 356 813 410 Praelatio.
1191 378 1312 422 xxxvl!

174 555 343 602 normam
361 538 505 625 praeter
522 532 663 606 codices
681 531 741 606 vel
766 539 862 605 certe
880 541 1025 627 praeter
1042 533 1209 605 codicum
1227 557 1314 606 con-

173 668 334 732 stantem
347 642 563 732 memoriam
575 685 744 734 revocare
757 661 829 733 sibi
843 661 1047 748 videbatur,
1062 663 1201 756 quippe
1219 687 1314 755 quae

173 790 409 861 crederentur
434 791 480 860 ab
506 791 570 876 ein,
595 789 659 884 qui
677 789 797 862 multo
814 789 1022 884 pontillum
1047 792 1092 862 de
1118 816 1163 862 ea
1184 815 1315 863 norma

173 917 293 989 acrius
312 917 501 1011 inquirere
519 941 683 1011 coepere,
708 943 784 991 non
802 917 881 991 sine
900 918 1115 992 auctoritate
1133 917 1313 992 librorum

173 1055 402 1120 vetustorum
425 1047 535 1120 edita.
580 1045 681 1118 ultra
703 1046 881 1120 Aldinam
899 1056 1090 1140 pertexere
1108 1047 1310 1131 historiam,

173 1200 268 1268 quae
287 1199 387 1247 nune
405 1175 478 1248 dici
496 1174 600 1261 solet,
619 1176 782 1250 criticam
802 1200 878 1249 non
895 1175 1040 1250 videtur
1064 1185 1148 1270 post
1163 1179 1314 1249 Wesse-

173 1303 282 1399 lingii
306 1304 643 1399 Schweighaeuseri
661 1303 809 1377 Baehrii
833 1305 1157 1378 commentationes
1179 1330 1311 1400 operae

172 1433 334 1526 pretium
351 1457 440 1505 esse.
480 1457 549 1505 nec
567 1433 665 1504 enirn
683 1441 829 1528 praeter
845 1433 1050 1508 Henricum
1067 1433 1311 1529 Stephanum,

173 1562 237 1654 qui
281 1561 340 1632 bis
384 1561 519 1647 edidit,
569 1561 739 1656 primum·
773 1587 805 1632 a.
841 1545 1056 1649 MDLXX,
1100 1563 1232 1636 iterum
1276 1589 1309 1634 a.

171 1689 508 1776 MDLXXXXH,
539 1690 777 1783 codicumque
803 1715 873 1784 ope
890 1691 1142 1782 Parisinorum
1168 1691 1312 1786 aliquot

172 1817 270 1888 locos
296 1816 356 1891 vel
381 1818 590 1890 emendavit
615 1817 674 1892 vel
703 1820 948 1892 emendandos
972 1821 1137 1907 monuit,
1166 1822 1312 1915 paucis-

171 1946 280 2018 simos
305 1945 385 2040 ipse
410 1947 581 2033 correxit,
607 1971 724 2019 unum
746 1947 857 2020 etiam
874 1946 924 2043 (A
942 1948 1004 2044 47)
1029 1950 1130 2020 haud
1153 1949 1264 2024 dubie
1289 1975 1310 2023 e

171 2073 282 2147 titulo
305 2073 488 2168 Delphico
513 2099 537 2145 a
558 2075 711 2170 Cyrieoo
737 2075 826 2148 olim
851 2078 1032 2172 descripto
1056 2102 1132 2150 non
1154 2079 1312 2153 correxit

171 2205 234 2276 sed
252 2202 448 2297 pervertit:
489 2211 634 2297 praeter
664 2203 895 2298 Stephanum
931 2205 1045 2303 igitur
1079 2231 1187 2279 nemo
1223 2216 1309 2282 ante

172 2330 335 2404 Galcum
354 2303 657 2427 Gronoviumque
675 2333 867 2428 exemplar
880 2334 1061 2409 Aldinum
1079 2338 1126 2409 ad
1143 2337 1309 2410 codicum

170 2461 426 2534 anctoritatem
443 2469 642 2535 retractare
658 2460 829 2536 instituit.

585 2815 892 2824 ψ

273 3105 426 3178 Codices
451 3131 561 3200 quem
595 3107 640 3180 ad
666 3108 815 3178 modum
847 3133 869 3178 a
894 3132 961 3180 sno
986 3109 1141 3204 quisque
1172 3134 1306 3205 genere

169 3234 349 3308 demutati
374 3235 450 3308 sint
473 3247 667 3329 postquam
699 3236 956 3331 exposuimus,
988 3239 1157 3331 sequitur
1186 3248 1228 3312 ut
1259 3241 1305 3313 de

168 3365 332 3457 ipsorum
356 3387 533 3460 generum
558 3363 682 3438 indole
708 3373 746 3436 et
769 3365 914 3438 vicibus
940 3365 1071 3439 similis
1088 3367 1305 3442 instituatur

169 3493 381 3586 disputatio,
400 3493 470 3564 hoc
487 3501 543 3565 est
560 3502 602 3565 ut
616 3502 828 3587 quaeratur,
847 3495 988 3568 codices
1005 3493 1063 3567 illi
1080 3499 1165 3585 duo,
1185 3524 1205 3570 e
1223 3498 1305 3594 qui-

168 3623 236 3693 bus
254 3619 366 3693 ABG
390 3620 487 3716 (nam
512 3621 538 3692 d
561 3621 639 3694 sine
665 3619 793 3695 fraude
819 3623 895 3695 iam
919 3623 1148 3722 neglegetur)
1174 3635 1212 3698 et
1231 3627 1305 3699 PR

167 3749 320 3822 fluxisse
338 3757 624 3823 consentaneum
642 3759 708 3838 est,
729 3775 821 3845 quos
839 3749 871 3823 X
889 3761 927 3826 et
945 3750 978 3825 Ψ
995 3754 1192 3850 signamus,
1213 3779 1305 3849 qua-

168 3886 275 3952 tenus
301 3881 348 3951 ab
366 3880 570 3951 communis
595 3879 756 3974 parentis
778 3879 856 3954 sive
872 3883 1080 3980 Archetypi
1098 3882 1151 3980 (Ω)
1175 3883 1304 3956 simili-

168 4009 297 4080 tudine
322 4006 561 4080 discesserint.
617 4032 711 4104 quae
738 4009 937 4105 disputatio
961 4019 1004 4084 ut
1024 4021 1079 4084 est
1104 4014 1152 4084 ad
1167 4035 1303 4086 munus

167 4135 381 4210 reoensendi
397 4137 465 4209 n'te
483 4144 521 4210 et
538 4146 636 4212 recte
655 4138 981 4212 administrandum
998 4140 1222 4236 gravissima,
1250 4143 1304 4215 ita

165 4291 232 4340 nec
264 4265 439 4359 expedita
468 4291 537 4340 nec
575 4291 597 4338 a
626 4267 825 4362 multiplici
857 4269 1084 4342 dubitatione
1115 4270 1299 4345 immunis.

164 4393 259 4468 illud
291 4394 391 4467 enim
422 4418 479 4466 res
503 4395 583 4488 ipsa
607 4395 784 4484 ostendit,
818 4421 892 4470 non
917 4423 1024 4492 posse
1052 4399 1300 4475 recensionem

162 4525 299 4600 iustam
332 4521 432 4595 intra
463 4522 611 4598 alterius
645 4525 760 4600 utrius
786 4527 928 4624 generis
955 4529 1065 4600 fidem
1092 4529 1300 4617 consistere,
