3175 5092
166 505 300 605 Σάρδις.
343 494 397 579 “ιὺ
414 507 563 607 βασιλεύ,
591 508 631 581 τὰ
660 508 718 604 μὲν
742 512 855 583 οίκότα
873 512 1019 609 εἴρηκας.
1051 514 1092 583 σὺ
1111 511 1222 605 μέντοι
1252 514 1300 609 μή

166 630 278 701 πάντα
302 627 403 725 θυμῷ
423 628 520 727 χρέο,
551 628 640 728 μηδὲ
665 629 762 705 πόλιν
787 627 935 729 ἀρχαίην
960 630 1192 729 ἐξαναστήσῃς
1219 629 1300 703 ἀνα-

168 749 342 847 μάρτητον
367 748 487 821 ἐοῦσαν
517 750 570 821 καὶ
599 758 664 821 τῶν
689 754 850 853 πρότερον
870 754 1008 822 καὶτῶν
1031 758 1088 823 νύν
1113 752 1298 823 ἑστεώτων.

166 868 209 941 τὰ
229 868 289 961 μὲν
308 868 371 967 γὰρ
390 872 551 967 πρότερον
576 869 646 967 ἐγώ
668 895 704 941 τε
729 868 860 969 ἔπρηξα
888 873 943 941 καὶ
967 871 1035 967 ἐγὼ
1059 872 1190 971 κεφαλή
1218 870 1301 943 ἀνα-

131 1003 147 1051 5
169 988 278 1082 μάξας
295 988 411 1086 φέρω
439 985 480 1061 τά
503 986 540 1059 δὲ
557 994 611 1059 νύν
629 992 798 1087 παρεόντα
817 987 976 1089 Πακτύης
1000 992 1064 1088 γάρ
1092 991 1163 1063 ἐστι
1187 993 1205 1061 ὑ
1228 989 1301 1063 ἀδι-

167 1109 274 1190 κέων,
310 1110 358 1206 τῷ
396 1110 437 1180 σὺ
470 1108 656 1207 ἐπέτρεψας
686 1108 826 1208 Σάρδις,
866 1109 965 1192 οὗτος
998 1110 1085 1181 δότω
1114 1138 1166 1182 τοι
1194 1110 1299 1210 δίκην.

170 1228 309 1303 Λυδοῖσι
326 1226 363 1299 δὲ
382 1234 584 1327 συγγνώμην
604 1227 693 1325 ἔχων
711 1229 792 1305 τάδε
811 1229 942 1304 αὑτοῖσι
959 1230 1121 1311 ἐπίταξον,
1151 1234 1198 1311 ιὺς
1217 1234 1302 1329 μήτε

167 1348 361 1423 ἀποστέωσι
392 1353 477 1446 μήτε
504 1348 604 1421 δεινοί
632 1375 682 1421 τοι
707 1348 801 1422 ἔωσι.
845 1350 965 1424 ἀπειπε
993 1350 1053 1445 μέν
1082 1378 1141 1447 σφι
1166 1349 1304 1447 πέμψας

167 1469 259 1541 άπλα
278 1466 382 1567 ἀρήια
402 1472 449 1567 μή
469 1468 638 1567 ἐκτῆσθαι,
669 1468 784 1545 κέλευε
805 1470 843 1543 δέ
870 1494 976 1568 σφεας
999 1470 1145 1549 κιθῶνάς
1161 1496 1199 1543 τε
1218 1470 1302 1543 ὑπο-

118 1603 147 1655 ιυ
167 1591 278 1662 δύνειν
306 1592 389 1661 τοῖσι
418 1586 530 1682 είμασι
557 1590 610 1661 καὶ
640 1588 822 1688 κοθόρνους
850 1590 1061 1663 ὑποδέεσθαι.
1096 1593 1236 1688 πρόειπε
1264 1584 1297 1660 δ’

167 1708 301 1782 αὑτοῖσι
328 1708 507 1808 κιθαρίζειν
533 1734 568 1781 τε
595 1712 649 1783 καὶ
674 1708 813 1807 ψάλλειν
841 1713 895 1783 καὶ
914 1709 1115 1809 καπηλεύειν
1134 1711 1301 1782 παιδεύειν

167 1832 246 1909 τοὺς
273 1828 406 1909 παῖδας.
452 1830 506 1901 καὶ
532 1828 664 1924 ταχέως
690 1828 797 1927 σφέας
822 1833 852 1902 ιὺ
877 1829 1016 1929 βασιλεύ
1044 1832 1201 1925 γυναῖκας
1224 1819 1298 1900 ἀντ’

167 1948 298 2047 ἀνδρῶν
317 1948 415 2045 όψεαι
433 1951 619 2046 γεγονότας,
651 1950 739 2026 ὥστε
767 1947 862 2021 ούδέν
890 1948 992 2020 δεινοί
1017 1976 1069 2021 τοι
1092 1947 1227 2021 ἔσονται
1254 1951 1303 2044 μή

167 2056 396 2143 ἀποστέωσι.”
424 2064 567 2165 Κροῖσος
586 2068 645 2162 μὲν
667 2068 709 2167 δή
728 2070 833 2143 ταύτά
851 2070 883 2141 οῖ
899 2068 1083 2149 ὑπετίθετο,
1101 2070 1372 2165 αίρετώτερα156

118 2208 147 2257 ιο
167 2193 275 2262 ταῦτα
317 2186 479 2286 εὑρίσκων
515 2189 653 2263 Λυδοῖσι
697 2190 720 2287 ή
763 2187 1089 2288 ἀνδραποδισθέντας
1128 2186 1304 2286 πρηθῆναί

166 2333 283 2405 σφεας,
311 2308 529 2401 ἐπιστάμενος
552 2310 602 2381 ότι
621 2310 662 2407 ήν
683 2312 731 2407 μή
751 2308 924 2411 ἀξιόχρεον
941 2311 1111 2406 πρόφασιν
1129 2312 1300 2406 προτείνη,

169 2430 230 2499 οὑκ
254 2426 426 2507 ἀναπείσει
452 2455 507 2522 μιν
533 2428 878 2530 μεταβουλεύσασθαι,
908 2426 1089 2527 ἀρρωδέων
1115 2428 1151 2499 δὲ
1178 2432 1225 2525 μή
1251 2430 1303 2499 καὶ

169 2548 305 2647 ύστερόν
329 2574 405 2619 κοτε
423 2550 454 2621 οἱ
472 2546 586 2631 Λυδοί,
606 2548 649 2646 ήν
668 2551 706 2621 τὺ
723 2552 848 2648 παρεὺν
867 2548 1114 2651 ὑπεκδράμωσι,
1135 2545 1303 2619 ἀποστάν-

168 2696 224 2749 τες
256 2666 323 2741 ἀπδ
356 2675 422 2739 τῶν
454 2666 611 2766 Περσέων
642 2666 843 2743 ἀπόλωνται.
907 2666 1022 2766 Κύρος
1048 2666 1087 2738 δὲ
1117 2667 1235 2767 ήσθεὶς
1261 2692 1303 2764 τη

124 2808 155 2859 ιο
172 2790 331 2887 ὑποθήκη
358 2791 412 2859 καὶ
439 2789 533 2868 ὑπεὶς
558 2796 619 2887 τῆς
644 2786 747 2887 όργής
771 2787 840 2885 ἔφη
867 2789 898 2859 οἱ
915 2786 1103 2861 πείθεσθαι.
1161 2786 1305 2867 καλέσας

169 2910 206 2981 δὲ
228 2904 393 3006 Μαζάρεα
409 2906 513 3005 ἀνδρα
532 2903 662 3007 Μήδου,
683 2909 787 2982 ταῦτά
808 2906 846 2977 τέ
870 2910 902 2977 οἱ
928 2905 1115 2978 ἐνετείλατο
1132 2909 1303 3003 προειπεῖν

172 3028 310 3101 Λυδοῖσι
338 3026 379 3099 τά
405 3030 423 3099 ὑ
454 3024 600 3126 Κροῖσος
626 3026 816 3107 ὑπετίθετο,
843 3029 1000 3123 καὶπρὸς
1018 3025 1304 3123 ἐξανδραποδίσα-

170 3148 250 3221 σθαι
268 3149 346 3229 τοὺς
364 3146 488 3229 ἄλλους
504 3147 631 3227 πάντας
657 3146 690 3218 οἳ
717 3144 800 3242 μετὰ
818 3145 938 3217 Λυδῶν
965 3145 1020 3217 ἐπί
1038 3144 1160 3242 Σάρδις
1183 3145 1304 3241 ἐστρα-

170 3271 349 3350 τεύσαντο,
378 3265 542 3339 αὑτὸνδὲ
572 3265 730 3365 Πακτύην
756 3266 889 3346 πάντως
917 3266 1027 3349 ζῶντα
1055 3262 1191 3362 ἀγαγεῖν
1218 3254 1299 3361 παρ’

119 3408 152 3457 25
171 3392 307 3462 ἑωυτόν.
1026 3394 1030 3399 ’

242 3504 285 3579 ‘0
305 3508 364 3602 μὲν
383 3508 427 3606 δή
449 3514 553 3582 ταῦτα
578 3508 615 3583 ὲκ
642 3517 706 3611 τής
727 3509 807 3579 ὑδού
825 3507 1060 3601 ἐντειλάμενος
1077 3503 1250 3604 ἀπήλαυνε
1270 3506 1373 3586 έςιπτ

171 3628 261 3726 ήθεα
280 3628 321 3700 τὰ
341 3626 510 3727 Περσέων,
538 3626 697 3727 Πακτύης
714 3626 751 3700 δὲ
769 3628 961 3722 πυθόμενος
977 3626 1083 3724 ἀγχοῦ
1102 3625 1185 3697 εἶναι
1204 3652 1305 3723 στρα-

326 3867 382 3920 τίνα
394 3862 479 3937 Κῦρος
492 3863 586 3926 Λύόοις
599 3864 716 3929 ἐπέταξεν
729 3864 889 3934 ὑποθεμένου
902 3862 1013 3938 Κροίσου

274 4094 316 4144 27.
337 4090 424 4155 Λέξεις

225 4234 247 4283 1.
268 4232 384 4288 εἰκότας
425 4234 436 4295 ΙΙ
478 4233 502 4282 2.
522 4232 672 4303 χρέοΑΒι
691 4229 764 4301 χρέο,
802 4233 813 4293 ΙΙ
854 4230 878 4280 3.
899 4228 1075 4281 ένεστεόιτωνθ
1116 4230 1127 4291 ΙΙ
1167 4230 1191 4279 4.
1218 4229 1260 4293 τὰΙ
1278 4230 1307 4281 τὸ

171 4300 293 4355 Bekkeri
305 4300 390 4359 editio
415 4303 425 4361 ΙΙ
449 4300 493 4353 καὶ
505 4302 564 4370 έγιὺ]
580 4300 623 4387 καὶ
636 4299 686 4421 ἐμή
702 4316 733 4367 qz
756 4301 767 4362 ΙΙ
790 4297 891 4369 κεφαλή
907 4298 931 4351 0
949 4300 961 4361 ΙΙ
986 4298 1010 4349 8.
1028 4300 1076 4361 τοι]
1090 4316 1118 4348 τε
1133 4298 1192 4351 ch
1215 4300 1227 4359 11
1250 4314 1307 4368 σφιν

175 4370 198 4424 O
228 4372 239 4433 11
275 4374 300 4422 9.
320 4368 459 4439 κεκτῆσθαι
472 4373 524 4425 ΑΒ
559 4372 570 4434 ΙΙ
606 4369 763 4423 υποοεινΟ
793 4368 804 4430 11
842 4368 882 4418 13.
901 4367 1027 4432 τοιΙτεΟ
1056 4369 1067 4431 θ
1105 4368 1143 4419 14.
1164 4366 1309 4436 αὑρετότερα

125 4486 126 4489 ,
172 4440 199 4493 Β
233 4442 244 4503 Η
284 4442 322 4493 16.
344 4440 482 4511 ἀξιόχρεων
494 4440 632 4495 Βαυνιιῆ
662 4439 672 4501 ΙΙ
704 4438 743 4488 19.
764 4435 951 4492 ἀπόλλωνταιε
981 4438 991 4500 ΙΙ
1021 4438 1061 4488 20.
1083 4434 1149 4491 010
1176 4438 1188 4499 ΙΙ
1220 4436 1262 4487 21.
1281 4454 1308 4487 τε

173 4525 225 4561 om.
241 4528 253 4560 z
277 4512 289 4573 ΙΙ
313 4512 354 4561 22.
375 4510 419 4563 καὶ
432 4505 777 4583 προσεξανδραποδίααοθαιτ
