3175 5092
647 352 841 418 ..Δ-

245 515 289 599 ‘O
309 525 368 622 μέν
388 527 430 624 δὴ
450 528 551 628 κῆρυξ
570 529 710 627 οἰχώκεε
730 525 901 626 άηηελέων
920 534 1024 601 ταῦτα
1042 526 1184 628 Δαρείῳ,
1214 530 1245 601 οἵ
1274 527 1380 605 ὑέ128

174 645 333 720 Σκυθέων
366 645 522 749 βασιλέες
553 645 755 729 ἀκούσαντες
788 657 850 750 τῆς
881 647 1090 749 δουλοσύνης
1118 652 1154 720 τὸ
1183 647 1313 743 ούνομα

175 767 280 868 ύρηῆς
298 766 533 866 ἐπλήσθησαν.
579 770 641 865 τὴν
664 766 724 863 μέν
751 770 794 867 δὴ
822 766 906 862 μετὰ
923 767 1170 866 Σαυροματέων
1192 770 1311 867 μοῖραν

174 887 368 985 ταχθεῖσαν,
396 895 460 986 τῆς
482 889 569 986 ἡρχε
587 887 775 970 Σκώπασις,
806 887 979 983 πέμπουσι
997 875 1095 959 Ἴωσι
1122 887 1313 970 κελεύοντες

135 1007 212 1088 εές
244 1007 364 1104 λόηους
397 1002 595 1090 ἀπικέσθαι,
630 1008 775 1079 τούτοισι
809 1007 841 1079 οἳ
871 1009 927 1079 τόν
953 995 1083 1106 Ἴστρον
1114 1007 1311 1106 ἐξευημένον

176 1125 373 1225 ἐφρούρεον·
395 1126 504 1198 αὑτῶν
524 1123 560 1198 δὲ
577 1129 661 1201 τοῖσι
681 1126 973 1222 ὑπολειπομένοισι
991 1126 1085 1206 ἔδοξε
1101 1127 1230 1198 πλανᾶν
1249 1125 1311 1222 μὲν

177 1244 298 1343 μηκέτι
317 1243 459 1344 Πέρσας,
481 1248 557 1320 σῖτα
576 1247 612 1318 δέ
632 1246 789 1319 ἑκάστοτε
808 1244 1073 1346 ἀναιρεομένοισι
1090 1245 1310 1319 ἐπιτίθεσθαι.

175 1372 356 1458 νωμῶντες
383 1363 429 1434 ὧν
459 1368 533 1437 σῖτα
562 1361 824 1465 ἀναιρεομένους
846 1368 925 1446 τοὺς
948 1363 1090 1464 Δαρείου
1113 1366 1243 1438 ἐποίευν
1271 1366 1313 1438 τὰ

176 1483 436 1585 βεβουλευμένα.
481 1486 505 1583 ἡ
526 1483 587 1577 μέν
607 1485 650 1582 δὴ
672 1483 770 1566 ἵππος
796 1487 859 1582 τὴν
887 1483 987 1558 ἵππον
1012 1487 1077 1579 αἰεὶ
1100 1483 1266 1582 τράπεσκε
1288 1487 1311 1582 ἡ

124 1629 157 1678 ιο
175 1611 242 1676 τῶν
270 1602 437 1686 Σκυθέων,
469 1605 500 1675 οί
526 1602 563 1676 δέ
587 1611 653 1676 τῶν
681 1602 840 1702 Περσέων
868 1606 1003 1676 ἱππόται
1030 1608 1210 1702 φεύγοντες
1235 1604 1310 1677 ἐσέ-

174 1749 295 1796 πιπτον
315 1723 351 1804 ἐς
368 1727 423 1794 τὸν
441 1725 552 1806 πεζόν,
582 1724 599 1793 ὑ
619 1723 655 1795 δέ
673 1723 775 1806 πεζός
794 1721 834 1796 ἂν
852 1724 1049 1823 ἐπεκούρεε·
1079 1727 1110 1795 οἵ
1128 1723 1165 1796 ὑὲ
1183 1723 1312 1796 Σκύθαι

176 1843 395 1943 ἐσαράξαντες
423 1846 484 1941 τὴν
514 1840 612 1915 ἵππον
642 1841 862 1940 ὑπέστρεφον,
890 1847 947 1914 τόν
975 1844 1076 1925 πεζὸν
1096 1843 1309 1944 φοβεόμενοι.

176 1963 348 2036 ἐποιέοντο
382 1960 419 2033 δέ
451 1965 504 2034 καί
535 1960 596 2041 τὰς
626 1964 746 2042 νύκτας
777 1963 1019 2061 παραπλησίας
1051 1961 1245 2063 προσβολὰς
1280 1966 1311 2034 οἵ

175 2081 312 2154 Σκύθαι.
348 2086 384 2153 τὸ
404 2079 440 2154 δέ
458 2086 541 2155 τοῖσι
560 2079 713 2180 Πέρσῃσί
731 2107 768 2154 τε
786 2084 829 2180 ἡν
849 2083 1026 2179 σύμμαχον
1046 2084 1100 2154 καὶ
1118 2086 1203 2156 τοῖσι
1221 2082 1308 2154 Σκύ-
1320 2091 1380 2152 129

125 2227 156 2277 νυ
175 2203 259 2299 θησι
278 2199 426 2280 ἀντίξοον
445 2199 704 2294 ἐπιτιθεμένοισι
723 2203 773 2297 τῷ
785 2199 926 2298 Δαρείου
943 2201 1170 2299 στρατοπέδῳ,
1189 2202 1313 2297 θῶυμα

176 2321 332 2418 μέγιστον
358 2319 454 2418 ἐρέω,
484 2326 551 2390 τῶν
578 2344 614 2391 τε
639 2318 723 2390 ύνων
749 2323 772 2418 ἡ
799 2322 898 2418 φωνὴ
927 2323 1072 2392 καὶτῶν
1100 2323 1250 2418 ἡμιόνων
1274 2324 1312 2392 τὺ

175 2440 273 2519 εἶδος.
320 2438 396 2512 ούτε
416 2436 477 2538 ηάρ
497 2437 571 2508 ύνον
593 2437 668 2510 ούτε
686 2439 828 2537 ἡμίονον
853 2447 897 2537 γη
921 2441 944 2538 ἡ
963 2438 1110 2538 Σκυθικὴ
1130 2439 1234 2538 φέρει,
1264 2441 1313 2519 ὡς

175 2563 228 2632 καὶ
246 2561 406 2658 πρότερόν
428 2584 484 2652 μοι
505 2555 713 2655 δεδήλωται·
743 2557 824 2632 οὑδὲ
841 2557 913 2630 έστι
932 2559 966 2631 ἐν
986 2585 1030 2657 τη
1050 2557 1198 2656 Σκυθικὴ
1217 2557 1310 2655 πάση

174 2684 273 2778 χώρη
303 2681 344 2750 τὸ
369 2675 525 2775 παράπαν
540 2675 634 2770 ,οὔτε
662 2675 738 2757 ύνος
766 2677 844 2750 ούτε
872 2681 1012 2778 ἡμίονος
1039 2679 1094 2750 διὰ
1121 2676 1162 2749 τά
1191 2679 1309 2775 ψύχεα.

124 2822 156 2872 20
176 2798 367 2898 ὑβρίζοντες
392 2795 438 2866 ὧν
467 2798 497 2866 οἵ
526 2795 597 2868 ύνοι
623 2795 806 2894 ἐτάρασσον
837 2801 898 2896 τὴν
926 2795 1025 2868 ἵππον
1050 2805 1117 2870 τῶν
1142 2796 1310 2868 Σκυθέων.

175 2917 338 2998 πολλάκις
370 2913 406 2988 δέ
437 2915 684 2988 ἐπελαυνόντων
715 2915 769 2986 ἐπὶ
798 2917 875 2995 τοὺς
905 2915 1038 3014 Ιῖέραας
1058 2915 1196 3010 ,μεταξὺ
1226 2915 1313 2994 ύκως

176 3035 352 3109 ἀκούσειαν
381 3039 412 3106 οἵ
440 3033 534 3106 ἵπποι
562 3041 628 3104 τῶν
658 3033 744 3104 ὄνων
771 3043 992 3134 τῆςφωνῆς,
1023 3035 1248 3133 ἐταράσσοντό
1275 3059 1312 3106 τε

176 3157 464 3253 ὑποστρεφόμενοι
481 3155 536 3226 καὶ
554 3153 588 3224 ἐν
607 3152 760 3246 θιύυματι
778 3150 885 3235 ἔσκον,
905 3151 991 3251 ύρθὰ
1008 3151 1155 3232 ἱστάντες
1172 3151 1214 3222 τά
1228 3151 1309 3233 ὦτα,

129 3321 134 3330 -
175 3275 232 3347 αἵτε
261 3274 338 3347 οὔτε
366 3261 567 3352 ἀκούσαντες
592 3274 753 3370 πρότερον
779 3279 897 3371 φωνῆς
914 3273 1076 3370 τοιαύτης
1092 3271 1170 3344 ούτε
1188 3272 1313 3351 ἰδόντες

124 3421 157 3469 τι»
175 3399 212 3466 τὸ
232 3393 328 3474 εἶδος.
375 3399 481 3465 ταῦτα
502 3391 562 3484 μέν
581 3417 635 3460 νυν
655 3390 709 3462 ἐπὶ
728 3394 867 3489 σμικρόν
894 3416 925 3463 τι
948 3392 1108 3490 ἐφέροντο
1131 3397 1188 3462 τού
1205 3389 1380 3462 πολέ-130

177 3541 251 3608 μου.
298 3515 329 3585 οἵ
355 3510 392 3584 δέ
415 3511 543 3584 Σκύθαι
571 3509 659 3590 ύκως
684 3511 761 3589 τοὺς
789 3508 923 3609 Πέρσας
951 3510 1051 3582 ἴδοιεν
1076 3510 1310 3611 τεθορυβημέ-
1380 3494 1384 3503 ’

176 3659 261 3714 νους,
284 3629 336 3704 ἵνα
353 3630 577 3730 παραμένοιέν
597 3655 632 3700 τε
651 3629 705 3701 ἐπὶ
723 3627 819 3700 πλέω
837 3631 958 3727 χρόνον
977 3629 1011 3701 έν
1030 3632 1073 3726 τη
1091 3629 1238 3728 Σκυθικῇ
1258 3632 1312 3701 καὶ

179 3853 488 3866 ,ψ

279 3991 320 4042 20.
342 3987 429 4052 Λέξεις

229 4167 251 4216 1.
272 4163 307 4234 κὴ
324 4163 394 4228 υξΡ
425 4166 436 4229 ΙΙ
471 4163 496 4213 2.
518 4160 638 4231 βασιλῆες
650 4177 676 4212 κε
711 4159 722 4224 ΙΙ
760 4165 782 4214 3.
807 4160 951 4230 μοίρηνΙῖσ
985 4163 996 4226 11
1032 4165 1057 4213 ί.
1077 4163 1259 4221 ιιιύπασιςΡΙέ
1299 4166 1312 4228 ΙΙ

176 4237 198 4286 7.
221 4182 326 4288 σιτίαά
361 4236 371 4298 ΙΙ
406 4235 430 4284 S.
450 4229 609 4300 νορῶντεςά
643 4231 653 4294 ΙΙ
689 4231 713 4280 9.
734 4229 814 4284 delle
849 4231 860 4294 ΙΙ
894 4230 1054 4300 τρέπεσκεύ
1087 4233 1098 4296 11
1134 4231 1262 4301 homst
1298 4235 1310 4297 ΙΙ

179 4307 217 4354 11.
238 4303 277 4370 ἀν]
293 4303 366 4357 azel:
390 4303 402 4368 ΙΙ
429 4303 467 4354 12.
489 4299 564 4353 ἐπέστ
581 4317 641 4369 εφον
658 4298 682 4352 0
695 4299 707 4362 ll
725 4299 902 4368 φοβεούμενοι.
923 4299 1054 4353 ἐποιεῦντο
1067 4301 1096 4353 R
1114 4301 1126 4366 ΙΙ
1147 4303 1185 4352 15,
1207 4301 1311 4362 ἀντίξουν

175 4375 194 4424 ιί
221 4375 232 4436 u
263 4369 400 4442 στρατῶΙί
424 4373 435 4435 ΙΙ
464 4367 542 4438 θῶμα
556 4317 632 4433 ἀῖἐά,
646 4365 765 4436 θιύϋμαπ
796 4371 807 4433 ΙΙ
837 4370 877 4419 18.
899 4368 973 4437 πρύτε
991 4390 1018 4422 ον
1032 4368 1174 4438 ὑεὺἡλωταί
1188 4369 1272 4437 μοιῙέ
1300 4373 1311 4436 β

175 4441 235 4493 πάσι
255 4439 281 4490 Ιί
321 4443 332 4506 β
374 4439 415 4491 22.
437 4439 538 4491 ἱππόται
557 4439 584 4490 R
624 4440 635 4500 ΙΙ
676 4437 718 4490 23.
739 4437 857 4506 θωύματι
876 4439 946 4501 ΑΒ,
968 4387 1070 4508 θώματι
1090 4439 1174 4504 cled,
1195 4433 1313 4506 θωύρατι

175 4529 187 4562 π
211 4513 222 4574 λΙ
247 4509 387 4566 ίστιῑιντεςπ
410 4511 421 4572 ΙΙ
446 4509 486 4560 21.
507 4507 711 4577 τὴςτοιαὺτηςσ
734 4507 745 4572 ΙΙ
770 4507 812 4558 25.
832 4507 928 4558 τὸοια.
947 4507 998 4560 Ple
1021 4509 1032 4572 11
1057 4509 1098 4560 27.
1120 4507 1197 4559 πλέον
1211 4509 1230 4559 d

1136 4657 1154 4690 Χ
