3175 5092
659 347 806 404 Praefatio.
1238 370 1307 418 mv

266 525 499 598 Pronominis
532 525 655 608 ἐκεῖνος
687 524 841 598 sormam
865 525 1084 623 bisyllabam
1108 528 1217 607 κεῖνος
1244 527 1305 598 Ιο-

66 682 76 696 ·
159 679 255 727 οιτον
273 663 440 728 constare
458 679 528 728 usu
546 657 650 730 testis
668 665 724 728 est
742 654 963 751 Apollonius
981 658 1026 731 de
1043 681 1149 751 pron.
1165 682 1202 752 p.
1217 655 1302 730 333.

160 785 271 857 cuius
288 785 508 859 auctoritate
533 785 564 858 si
588 787 753 858 animum
777 787 970 860 induceres
993 787 1100 861 abuti
1116 788 1163 859 ad
1180 810 1305 859 emen-

160 915 324 986 dandam
350 913 530 988 Herodoti
560 916 780 1003 orationem,
813 926 851 990 et
873 915 931 990 illi
961 914 1099 990 faceres
1131 915 1305 989 iniuriam

158 1067 237 1116 non
255 1045 411 1118 habenti
428 1048 528 1118 hunc
545 1069 700 1139 usquam
718 1046 758 1118 in
777 1047 986 1119 auctoribus
1008 1045 1157 1118 ionismi
1182 1043 1239 1141 (cf.
1260 1047 1305 1118 de

157 1197 268 1268 pron.
288 1197 325 1268 p.
347 1172 452 1270 378),
485 1184 524 1249 et
547 1175 651 1246 brevi
677 1175 870 1248 absisteres
894 1177 1044 1249 infinita
1064 1176 1304 1270 expungendi

156 1303 380 1377 necessitate
411 1304 615 1378 deterritus.
678 1305 791 1376 immo
818 1329 904 1378 vero
932 1305 1063 1400 ingens
1094 1303 1304 1401 trisyllabae

157 1431 302 1505 formae
326 1430 536 1528 frequentia
558 1434 792 1506 Dindorfium
817 1434 1114 1530 Bredoviumquc
1145 1435 1188 1506 in
1217 1459 1305 1506 con-

158 1564 317 1634 trarium
342 1561 477 1635 detulit
500 1585 675 1650 errorem,
702 1572 745 1636 ut
769 1573 903 1637 cuncta
926 1566 967 1637 in
992 1564 1072 1636 eius
1096 1564 1305 1658 redigerent

159 1693 348 1764 dicionem
361 1690 776 1789 bisyllabamqueplane
789 1695 1086 1768 exterminarent.
1114 1690 1301 1787 similique

158 1822 305 1894 ratione
321 1819 406 1895 falsi
424 1821 538 1895 θέλειν
567 1823 706 1916 ubique
730 1821 877 1896 voluere
902 1821 1021 1895 solum
1041 1831 1196 1909 vertere,
1221 1845 1304 1917 spe-

156 1960 286 2023 rantes
306 1950 457 2035 scilioet,
477 1953 685 2045 quadratio
709 1952 854 2026 iuberet
877 1954 951 2024 fide
974 1951 1151 2024 librorum
1175 1963 1304 2047 postea

156 2089 282 2152 ratum
299 2077 388 2152 fore.
434 2083 498 2152 sed
515 2103 642 2152 eorum
660 2083 856 2154 admodum
873 2083 1012 2177 exigua
1027 2081 1067 2154 in
1083 2081 1145 2153 his
1163 2082 1303 2154 dissen-

158 2211 216 2281 sio
234 2217 302 2296 est,
322 2219 376 2296 ut,
393 2210 423 2281 si
443 2210 533 2305 quid
552 2213 739 2282 turbatum
756 2221 823 2297 est,
838 2213 959 2306 prisca
975 2221 1095 2285 aetate
1112 2213 1301 2284 turbatum

158 2363 240 2411 esse
258 2362 407 2412 necesse
421 2339 480 2411 sit.
513 2363 671 2412 errorem
686 2347 810 2412 autem
825 2347 924 2437 quod
939 2342 1031 2428 dixi,
1047 2339 1137 2413 alias
1151 2342 1302 2412 demon-

159 2479 275 2541 strare
301 2470 477 2555 conabor,
512 2470 610 2563 quod
634 2493 710 2542 non
734 2477 856 2563 potest
878 2469 976 2542 intra
1000 2472 1110 2543 breve
1141 2471 1302 2565 spatium

159 2597 314 2684 absolvi,
327 2621 404 2670 non
416 2599 525 2669 modo
537 2607 709 2693 utrasque
721 2596 854 2671 formas
869 2623 892 2670 ο
903 2599 940 2672 vi
952 2623 1030 2672 esse
1043 2599 1301 2694 prohibendus,

160 2730 225 2800 sed
260 2729 423 2802 eminere
455 2751 531 2799 non
563 2731 755 2800 obscuram
787 2727 965 2800 simiam
994 2731 1133 2824 ubique
1164 2737 1202 2801 at
1225 2753 1301 2801 non

158 2857 287 2952 paucis
300 2855 390 2929 locis
408 2881 497 2928 usus
515 2881 716 2952 sensusque
736 2857 994 2931 diversitatem.
1026 2882 1074 2930 an
1092 2859 1300 2954 quisquam,
1412 2917 1415 2922 .

159 2997 202 3060 ut
222 2987 295 3058 hoc
319 2983 517 3080 proferam,
551 3011 638 3058 casu
669 2983 808 3060 iactum
834 2988 1084 3075 existimabit,
1116 2990 1214 3083 quod
1244 2989 1301 3063 bi-

159 3115 302 3212 syllsba
318 3139 436 3210 paene
461 3123 689 3188 constantem
710 3115 825 3189 habet
850 3118 972 3188 sedem
997 3116 1038 3188 in
1062 3117 1177 3188 huius
1198 3119 1300 3189 modi

157 3245 334 3318 membr-is
352 3245 544 3316 orationis:
589 3246 628 3316 A
646 3245 694 3318 78
719 3243 867 3338 μαθοῦσι
884 3285 937 3301 -·
951 3247 991 3316 τὸ
1007 3243 1103 3318 θέλει
1121 3249 1298 3344 σημαίνειν

157 3376 196 3446 τὸ
215 3374 335 3471 τέρας,
367 3370 394 3444 Γ
413 3375 462 3446 65
487 3371 705 3446 ἐντέλλεσθαι
729 3371 770 3444 τὰ
794 3372 889 3446 θέλω
908 3399 965 3469 μοι
989 3372 1164 3472 γενέσθαι,
1205 3373 1231 3444 Ζ
1250 3375 1298 3447 37

157 3499 389 3596 πλανωμένων
408 3541 453 3556 -·
471 3503 509 3572 τὸ
527 3499 621 3574 θέλει
637 3503 676 3573 τὸ
695 3499 777 3583 ἔπος
795 3499 889 3586 εἶναι,
917 3500 949 3574 Η
965 3505 987 3576 8
1006 3503 1042 3576 έν
1058 3505 1143 3574 πᾶσι
1158 3503 1238 3601 εἴπῃ
1258 3500 1300 3575 τὰ

157 3629 263 3714 θέλει,
286 3630 335 3702 37
348 3629 455 3728 εἴρετο
466 3633 566 3701 -τὸ
583 3629 677 3703 θέλει
693 3635 888 3728 προφαίνειν
906 3634 946 3705 τὸ
964 3631 1095 3728 φάσμα,
1120 3633 1186 3704 1111
1205 3631 1298 3704 ἐπεί·
1372 3709 1383 3720 ,

159 3757 278 3858 ρεσθαι
294 3755 337 3829 τὰ
352 3755 456 3829 θέλιν.
490 3767 555 3832 aut
573 3759 771 3846 dubitabit,
785 3759 935 3854 optione
948 3785 1014 3854 per
1031 3761 1173 3833 codices
1189 3759 1298 3846 farta,

158 3889 313 3962 eandem
332 3887 428 3960 tueri
446 3884 473 3958 Δ
496 3887 563 3960 131
586 3893 712 3985 γνῶναι
729 3889 767 3959 τὸ
783 3886 878 3960 θέλει
894 3888 938 3960 τὰ
955 3889 1048 3987 δῶρα
1066 3887 1185 3987 λέγειν,
1206 3885 1297 3962 Εθθ

158 4017 305 4090 συνιέναι
337 4019 378 4087 τὺ
405 4014 500 4090 θέλει
531 4015 650 4114 λέγειν.
713 4041 801 4090 nam
832 4019 931 4110 quod
961 4039 1079 4089 uuum
1108 4026 1299 4112 praeterea

158 4147 277 4219 obniti
309 4145 468 4251 videtur
485 4143 697 4240 exemplum
730 4145 769 4217 H
799 4145 870 4218 162
900 4143 997 4226 οὗτος
1023 4143 1062 4218 δὲ
1090 4144 1108 4215 ὁ
1136 4147 1213 4227 νέος
1236 4151 1296 4216 τοῦ

159 4274 308 4372 ῥήματος
335 4277 375 4347 τὸ
405 4272 515 4346 ἐθέλει
547 4273 673 4372 λέγειν,
710 4271 906 4347 manifesto
929 4273 1002 4346 tria
1024 4272 1160 4348 ultima
1186 4275 1299 4351 verba

160 4405 283 4498 spuria
307 4412 406 4477 suut.
459 4411 571 4499 atque
596 4403 654 4476 his
680 4405 822 4475 duobus
847 4400 1033 4475 vocabulis
1062 4402 1186 4476 statim
1211 4405 1298 4478 sub·

159 4543 301 4606 nccmm
327 4533 477 4604 tertium
502 4557 578 4604 uon
608 4557 744 4627 genere
769 4530 897 4617 affine,
931 4534 996 4604 sed
1021 4533 1111 4627 quia
1139 4531 1296 4604 similem
