3175 5092
722 362 922 423 ..Β-

257 533 328 605 ούτι
346 538 495 605 τοιοῦτον
515 534 705 627 νομίζοντες
722 532 808 607 εἶναί
829 561 883 629 μιν
908 533 996 608 ἀλλὰ
1020 534 1135 629 ἄμοτον
1156 535 1241 607 τοῖσι
1260 532 1390 607 ἄλλοισι

256 653 378 725 θεοῖσι·
399 653 475 725 ύτευ
493 650 532 725 δὲ
549 652 658 727 εἵνεκα
675 658 826 726 τοιοῦτον
846 654 1011 753 γράφουσι
1029 654 1139 737 αὐτόν,
1160 653 1199 727 ού
1220 680 1277 748 μοι
1294 654 1390 752 ήδιύν

256 772 327 847 ἐστι
352 772 473 871 λέγειν.
518 773 675 876 σέβονται
700 772 738 846 δέ
760 775 888 855 πάντας
911 776 990 856 τοὺς
1015 773 1112 872 αἶγας
1136 776 1168 846 οί
1193 770 1389 873 Μενδήσιοι,

257 897 312 965 καί
330 892 459 989 μᾶλλον
476 896 556 976 τοὺς
573 893 712 994 ἔρσενας
729 902 797 966 τῶν
815 893 964 994 θηλέων,
992 898 1045 967 καί
1063 896 1189 967 τούτων
1208 896 1239 966 οί
1258 894 1392 967 αίπύλοι

257 1012 356 1109 τιμὰς
382 1012 524 1107 μέζονας
550 1013 682 1111 ἔχουσι·
730 1014 767 1087 ἐκ
793 1013 831 1087 δὲ
857 1017 984 1087 τούτων
1018 1014 1078 1088 ἕνα
1106 1014 1264 1109 μάλιστα,
1301 1015 1393 1095 ύστις
1430 1030 1446 1079 5

255 1131 355 1207 ἐπεὰν
374 1130 544 1233 ἀποθάνῃ,
562 1134 688 1215 πένθος
707 1133 793 1232 μέγα
811 1138 911 1207 παντὶ
928 1136 979 1231 τῷ
992 1130 1176 1233 Μενδησίῳ
1191 1136 1288 1233 νομῷ
1300 1134 1393 1207 τίθε-

256 1279 321 1326 ται.
367 1251 522 1326 καλέεται
539 1254 576 1328 δὲ
595 1255 615 1325 ύ
631 1280 668 1327 τε
685 1254 806 1354 τράγος
824 1258 879 1327 καί
898 1254 915 1327 ύ
935 1253 1008 1328 Πὰν
1027 1250 1222 1352 Αἰγυπτιστὶ
1241 1251 1391 1354 Μένδης.

257 1373 391 1472 ἐγένετο
422 1371 459 1445 δὲ
486 1373 521 1445 ἐν
552 1376 603 1471 τῷ
627 1377 723 1473 νομῷ
748 1377 858 1473 τούτῳ
887 1363 939 1449 ἐπ’
972 1374 1054 1470 ἐμεῦ
1082 1380 1183 1449 τούτο
1209 1378 1248 1449 τδ
1275 1376 1391 1475 τέρας·

161 1542 168 1569 .
256 1496 387 1592 γυναικί
408 1494 531 1593 τράγος
554 1493 711 1593 ἐμίσγετο
735 1492 935 1594 ἄναρανδίν.
981 1500 1079 1571 τούτο
1105 1495 1141 1577 ἐς
1166 1494 1308 1577 ἐπίδεξιν
1332 1492 1393 1568 ἀν-

257 1615 405 1714 θρώπων
424 1612 573 1687 ἀπίκετο.
1414 1632 1446 1685 ιο

205 1741 246 1802 ⁴7
324 1729 392 1807 'Yv
410 1733 448 1807 δὲ
465 1729 640 1833 Αἰγύπτιοι
659 1738 777 1835 μιαρδν
797 1740 943 1837 ἥγηνται
960 1736 1082 1837 θηρίον
1102 1737 1202 1811 εἶναι·
1224 1738 1394 1811 καὶτοῦτο

259 1858 319 1954 μὲν
345 1857 389 1955 ήν
414 1882 464 1938 τις
481 1856 595 1955 ψαύσῃ
617 1856 729 1929 αὐτῶν
747 1861 878 1957 παριὼν
897 1857 964 1942 δός,
986 1858 1114 1932 αύτοῖσι
1131 1860 1218 1932 τοῖσι
1236 1860 1396 1953 ἱματίοισι

258 1967 321 2051 ἀπ’
351 1976 398 2048 ὧν
423 1975 530 2078 ἔβαψε
555 1977 680 2050 ἑωυτὸν
709 1974 771 2078 βὰς
795 1976 851 2051 ἐπὶ
878 1980 935 2050 τὸν
962 1979 1136 2073 ποταμόν·
1168 1982 1268 2051 τούτο
1297 1977 1336 2051 δὲ
1363 1979 1396 2049 οἱ

258 2098 407 2199 συβῶται
424 2097 535 2178 ἐόντες
552 2092 728 2195 Αἰγύπτιοι
752 2096 904 2195 ἐγγενέες
930 2098 966 2181 ἐς
992 2098 1060 2199 ίρδν
1078 2096 1173 2171 οὐδὲν
1192 2107 1260 2171 τῶν
1278 2097 1313 2170 ἐν
1334 2092 1395 2169 Αί-

258 2221 376 2316 γύπτιμ
393 2216 592 2315 ἐσέρχονται
610 2223 728 2310 μούνοι
743 2218 889 2303 πάντιυν,
906 2218 987 2292 ούδέ
1003 2246 1061 2317 σφι
1077 2218 1269 2292 ἐκδίδοσθαι
1285 2216 1396 2299 οὐδεὶς
1416 2238 1448 2289 15

258 2337 425 2436 θυγατέρα
444 2334 557 2409 ἐθέλει
574 2325 646 2408 οὐδ’
671 2336 813 2435 ἄγεσθαι
837 2338 872 2420 ἐξ
898 2338 1021 2424 αύτῶν,
1047 2328 1127 2411 ἄλλ’
1150 2338 1336 2413 ἐκδίδονταί
1359 2362 1397 2409 τε

260 2459 291 2530 οί
308 2456 458 2558 συβῶται
476 2459 531 2529 καὶ
548 2454 686 2555 ἄγονται
703 2456 738 2537 ἐξ
756 2446 929 2558 ἀλλήλων.
976 2461 1061 2532 τοῖσι
1091 2458 1150 2553 μέν
1179 2484 1236 2531 νυν
1261 2456 1396 2531 ἄλλοισι

259 2577 368 2651 θεοῖσι
391 2576 484 2648 θύειν
510 2575 549 2657 ύς
572 2577 611 2649 ού
633 2576 794 2652 δικαιεῦσι
813 2574 1002 2676 Αἰγύπτιοι,
1031 2579 1167 2679 Σελήνη
1187 2577 1226 2651 δδ
1243 2581 1299 2651 καὶ
1315 2577 1395 2650 Διο-

258 2699 350 2795 νύσῳ
369 2698 521 2791 μούνοισι
547 2702 607 2769 τού
626 2696 729 2770 αύτού
748 2700 880 2799 χρύνου,
906 2701 951 2799 τῇ
970 2700 1057 2801 αὐτῇ
1075 2698 1290 2799 πανσελήνῳ,
1319 2700 1397 2779 τοὺς

259 2817 298 2899 ὗς
317 2817 481 2899 θύσαντες
497 2819 675 2891 πατέονται
693 2826 761 2890 τῶν
782 2828 898 2919 κρεῶν.
943 2821 1026 2894 διύτι
1053 2818 1091 2893 δὲ
1116 2822 1195 2901 τοὺς
1220 2818 1260 2900 θς
1281 2818 1316 2891 ἐν
1336 2817 1396 2913 μὲν
1414 2840 1448 2891 νυ

259 2940 338 3039 τήσι
356 2936 483 3037 ἄλλῃσι
500 2938 619 3038 ύρτήσι
643 2936 894 3039 ἀπεστυγήκασι
919 2940 953 3013 ἐν
980 2938 1018 3013 δέ
1041 2942 1146 3040 ταύτῃ
1165 2940 1294 3020 θύουσι,
1324 2936 1396 3011 ἐστι

173 3046 177 3052 ’
261 3058 321 3155 μὲν
340 3058 440 3154 λόγος
455 3060 533 3159 περὶ
551 3057 655 3131 αύτού
674 3048 733 3132 ἀπ’
756 3055 947 3158 Αἰγυπτίων
966 3060 1158 3159 λεγόμενος,
1186 3059 1262 3154 ἐμοί
1282 3056 1397 3153 μέντοι

259 3177 473 3276 ἐπισταμένῳ
490 3178 550 3251 ούκ
568 3180 833 3279 εύπρεπέστερύς
854 3178 925 3254 ἐστι
943 3178 1111 3280 λέγεσθαι.
1157 3179 1257 3278 θυσίη
1278 3175 1316 3251 δὲ
1333 3176 1396 3277 ήδε

259 3307 326 3373 τῶν
347 3298 416 3370 δῶν
433 3299 478 3396 τῇ
497 3297 633 3398 Σελήνῃ
651 3299 820 3373 ποιέεται·
845 3299 945 3373 ἐπεὰν
964 3300 1065 3400 θύσῃ,
1086 3303 1147 3400 τήν
1166 3298 1270 3400 ούρήν
1290 3296 1396 3396 ἄκρην

261 3423 315 3492 καί
333 3422 390 3492 τὸν
408 3417 543 3519 σπλῆνα
561 3421 617 3491 καὶ
634 3422 692 3491 τδν
715 3418 874 3492 ἐπίπλοον
899 3418 1031 3501 συνθεὶς
1049 3418 1134 3514 ὁμοῦ
1153 3406 1225 3492 κατ’
1248 3417 1295 3491 ὧν
1315 3416 1395 3491 ἐκά-
1413 3446 1448 3498 25

260 3540 345 3638 λυψε
361 3538 454 3638 πᾶση
474 3544 533 3610 τού
551 3542 690 3639 κτήνεος
707 3541 751 3639 τή
770 3539 900 3729 πιμελή
918 3542 961 3639 τῇ
984 3542 1063 3640 περὶ
1087 3543 1149 3641 τήν
1175 3541 1279 3639 νηδὺν
1305 3563 1395 3635 γινο-

363 3861 396 3918 A!
412 3793 457 3916 ριδ
467 3791 492 3846 τί
503 3788 645 3864 Μενδήσιοι
656 3794 748 3867 τραγδν
759 3792 778 3864 ἢ
790 3792 888 3865 αἶγα’
862 3813 892 3849 ου
905 3792 995 3851 θύουσι
1089 3794 1132 3851 διδ
1142 3793 1167 3849 τί
1179 3802 1245 3851 συῶν
1258 3793 1428 3871 ἄπέγονται

395 3884 410 3937 γ
427 3881 496 3917 κτιοι

313 4127 338 4178 ί.
357 4123 421 4190 ούτι]
438 4123 547 4188 ύτιθή
571 4116 628 4177 ἄλλ
643 4123 726 4178 PRdz
754 4125 766 4189 ΙΙ
795 4124 845 4193 ύμο
846 4124 925 4179 ἴονΟ
952 4126 963 4189 ΙΙ
996 4124 1022 4177 2.
1042 4122 1230 4181 ίνεκαΑΒΙίἄ
1256 4128 1267 4190 fl
1296 4129 1398 4177 τοιοῦτο

264 4198 318 4261 (ΙΙ
341 4197 366 4247 4
386 4192 595 4264 masuam
623 4195 635 4258 ΙΙ
665 4196 690 4245 6.
710 4142 886 4247 ἔναυοττμᾶπὶ.
900 4192 936 4252 τίς
959 4196 970 4258 ΙΙ
997 4196 1022 4247 6.
1041 4194 1070 4247 νύ
1072 4195 1162 4263 ponc
1187 4196 1198 4259 ΙΙ
1228 4196 1252 4247 8.
1273 4188 1363 4247 5sz
1386 4196 1398 4260 ΙΙ

263 4335 303 4386 12
259 4198 381 4333 '20
372 4264 505 4402 ιν
510 4262 968 4397 ..νιικιιιινίκ
969 4213 1288 4398 ινιίιίιιι
1257 4262 1400 4393 ιιι

263 4286 480 4471 (ΓωΓίΗυγ
431 4400 795 4487 θυγατέραούδεὶςΡΒάτή
833 4403 872 4454 16
893 4400 990 4455 αὐτέων
1003 4400 1087 4455 ΡΒᾶα
1121 4403 1132 4466 ΙΙ
1170 4336 1354 4457 ἐκδιδύαταίί]
1384 4406 1396 4470 ΙΙ

259 4488 381 4526 noma
421 4472 434 4536 ΙΙ
481 4472 520 4523 l7.
540 4470 572 4541 ἀγ
574 4470 685 4525 ἐσταιθ
720 4472 732 4535 ΙΙ
775 4471 817 4523 20
838 4470 1020 4526 πατίωνταιΟ
1050 4472 1061 4535 11
1096 4469 1132 4534 δὲ]
1180 4472 1233 4526 νΟ
1264 4476 1275 4538 ΙΙ
1310 4472 1336 4525 ἐν
1350 4490 1398 4543 μεν

259 4542 331 4597 AB:
324 4540 372 4594 ·ιν
407 4542 419 4607 γ
453 4540 495 4592 κο.
512 4490 625 4610 ηιεκο
654 4543 665 4605 ιι
694 4542 736 4593 οι.
756 4538 955 4615 ammona
981 4540 993 4607 ιι
1022 4540 1064 4592 ιο.
1084 4539 1127 4597 ικι
1162 4540 1231 4597 ινα
