3175 5092
576 417 580 423 ¹
668 357 813 412 Praelatio.
1234 375 1316 422 Lm

176 533 202 606 Γ
221 537 283 608 ll.
305 533 331 608 Δ
351 538 412 610 61.
428 538 488 609 94.
510 538 593 610 168.
613 537 646 607 Ε
665 531 747 622 921,
766 537 909 634 plurius
927 534 954 607 Δ
973 537 1055 608 188.
1077 532 1109 606 Η
1130 537 1190 607 50.
1210 533 1237 607 o
1254 536 1313 608 53.

175 665 381 740 solitarium
406 677 462 742 est
485 668 583 740 inter
605 664 725 738 multa
749 667 920 762 berytoni
941 664 1112 761 exempla
1129 664 1317 738 ἐιδονέουοι

175 793 276 868 Γ98.
315 794 585 896 δισβυνὲοιτσιΔ
602 798 643 867 71
666 795 888 868 contrarium
905 796 978 868 sibi
996 797 1109 868 habet
1127 794 1315 896 διαβύνεται

174 924 270 997 1396
291 923 375 1019 (vid.
394 924 569 998 Meineke
587 926 633 996 ad
645 925 830 998 Theocrit.
846 925 885 998 II
901 925 949 1022 3).
990 949 1059 998 nec
1076 923 1315 998 deseruissem

173 1053 261 1151 ἡψιι
279 1055 316 1124 Α
336 1054 384 1126 18
409 1052 494 1148 (vid.
515 1053 667 1127 Lobeclr
684 1056 731 1126 ad
748 1055 853 1128 Aiac.
873 1081 911 1150 p.
935 1054 1051 1150 181²),
1075 1053 1150 1128 nisi
1175 1053 1316 1148 praeci-

174 1185 304 1256 derent
321 1179 572 1257 defensionem
594 1207 688 1279 quae
707 1185 910 1258 Bredovius
935 1210 971 1280 p.
993 1185 1067 1258 369
1092 1184 1245 1257 adhibet
1268 1208 1315 1256 ex

174 1313 420 1385 Herodianeis
447 1337 540 1408 quae
565 1311 654 1386 olim
676 1316 920 1387 credebantur
942 1315 1041 1409 apud
1058 1313 1316 1386 Hermannum

175 1443 219 1514 de
242 1444 385 1514 emend.
406 1449 472 1514 rat.
492 1467 528 1537 p.
551 1442 625 1515 313
649 1441 760 1523 οὐδεὶς
784 1442 821 1516 δὲ
838 1451 907 1514 τῶν
925 1440 1076 1542 ἀρχαίων
1095 1441 1186 1514 εἶπεν
1205 1442 1314 1541 ἥψουν

175 1560 251 1641 ἀλλ’
280 1571 380 1669 ἠψοι.
441 1595 509 1644 nec
533 1579 716 1666 postremo
742 1571 839 1669 δεψεῖ
860 1569 887 1641 Δ
913 1572 964 1644 64
989 1581 1135 1666 praeter
1162 1571 1316 1643 circum·

174 1699 373 1772 flexionem
392 1701 502 1774 nimis
520 1704 711 1788 absonum,
729 1703 838 1773 modo
856 1709 967 1775 testes
985 1702 1246 1775 consentirent.

276 1829 365 1924 Ipsa
388 1830 463 1902 iam
488 1832 683 1903 verborum
708 1853 773 1925 per
798 1839 965 1925 tempora
988 1853 1031 1903 ac
1054 1833 1180 1903 modos
1202 1830 1316 1904 decli-

173 1959 275 2032 natio
293 1979 378 2030 eum
395 1958 601 2054 complures
618 1961 756 2032 habeat
780 1959 841 2033 vel
865 1983 997 2068 caumas
1016 1960 1075 2032 vel
1097 1958 1193 2033 locos
1219 1961 1315 2032 vari-

174 2088 280 2175 andi,
313 2111 460 2160 omnem
493 2097 616 2162 autem
646 2113 728 2162 eam
759 2091 951 2162 materiam
976 2114 1052 2162 non
1077 2090 1200 2185 capiat
1222 2090 1315 2162 haec

173 2213 364 2311 praefandi
382 2219 533 2304 occasio,
551 2219 712 2293 breviter
729 2221 883 2291 narrabo
900 2219 1019 2314 magis
1036 2243 1147 2313 quam
1165 2220 1316 2292 demon-

174 2349 308 2435 strabo,
324 2343 415 2442 qnid
431 2348 472 2419 in
491 2347 645 2443 singulis
658 2349 826 2442 partibus
844 2358 922 2420 tum
935 2346 1023 2421 ferri
1036 2349 1165 2422 iubeat
1172 2349 1316 2421 Arche-

174 2477 253 2572 typi
278 2477 370 2550 fides
397 2485 435 2551 et
459 2478 674 2564 auctoritas,
701 2487 780 2550 tum
806 2477 1005 2572 exaequari
1031 2479 1128 2551 sinat
1154 2480 1314 2574 prudens

174 2605 260 2678 artis
280 2607 493 2680 moderatio.
540 2605 691 2680 initium
715 2607 831 2702 igitur
854 2603 1011 2680 iacimus
1033 2611 1080 2680 ab
1097 2632 1315 2704 augmen-

174 2744 320 2808 torum
346 2745 490 2830 praeter
515 2759 747 2810 communem
769 2759 906 2809 morem
932 2737 1138 2812 omissione.
1203 2763 1314 2832 quam

172 2873 314 2960 partem
333 2874 483 2960 propter
498 2866 617 2961 ipsam
634 2866 856 2940 tenuitatem
869 2865 1114 2940 obscuriorem
1133 2866 1314 2962 multipli-

172 2995 281 3089 cique
306 3003 344 3066 et
373 2994 659 3068 describentium
690 3005 729 3070 et
758 2993 1064 3089 interpolantium
1088 2998 1202 3070 errori
1227 2999 1314 3070 sub—
1456 3043 1460 3048 -

173 3125 306 3197 iectam
331 3123 511 3222 Lhardyis
543 3125 724 3220 imprimis
749 3123 944 3221 diligentia
974 3148 1121 3220 prorsus
1153 3124 1315 3221 perfecta

172 3252 392 3349 singillatim
409 3251 622 3348 explicavit,
641 3278 709 3326 nec
728 3263 864 3341 tamen,
882 3279 956 3349 quo
974 3257 1146 3328 utebatur
1163 3254 1314 3328 confuso

172 3380 408 3476 inhabilique
433 3382 678 3456 instrumento
703 3383 838 3466 critico,
865 3385 952 3457 satis
977 3385 1153 3478 expedire
1177 3387 1311 3480 potuit.

171 3511 359 3584 omittitur
383 3520 507 3584 autem
533 3521 730 3609 utrumque
752 3522 828 3586 tam
853 3523 1062 3587 constanter
1076 3514 1117 3586 in
1135 3516 1314 3589 iterativis

171 3637 377 3736 imperfecti
396 3643 593 3736 aoristique
615 3639 741 3714 formis
765 3651 915 3738 tamque
933 3667 1057 3716 eorum
1074 3645 1211 3718 rationi
1228 3670 1314 3718 con-

172 3770 374 3857 venienter,
387 3779 431 3844 ut
444 3772 597 3858 duabus,
612 3773 747 3867 quibus
764 3772 1010 3859 incndicibus
1028 3774 1186 3847 accrevit
1203 3773 1314 3871 sylla-

170 3899 307 3985 bicum
327 3901 428 3972 haud
450 3901 562 3973 dubie
585 3903 807 3975 demendum
823 3898 937 3976 fucrit
955 3900 995 3998 (Δ
1016 3905 1062 3975 78
1082 3901 1308 3986 κστελίποσκι,

174 4029 245 4101 130
260 4025 483 4127 altipassus).-
506 4054 574 4102 nec
590 4027 806 4125 reliquimus
820 4025 1068 4130 ἀπσίρεσκονΑ
1087 4032 1171 4116 186,
1185 4033 1311 4130 ἠχεσκε

172 4155 197 4228 Δ
216 4158 306 4244 200,
331 4155 509 4230 ποιὲσκιτο
528 4156 560 4230 H
585 4161 654 4232 119
681 4159 700 4232 i
724 4159 850 4233 littera
865 4159 1036 4232 mutilata
1053 4160 1219 4255 quamvis
1237 4184 1313 4233 non

172 4309 319 4381 prorsus
337 4284 529 4361 indefensa
553 4289 636 4384 (vid.
656 4290 779 4386 Etym.
798 4287 853 4362 Μ.
874 4314 909 4384 p.
931 4291 1019 4378 624,
1039 4289 1113 4386 35),
1139 4291 1313 4385 quoniam

174 4417 266 4511 quid
283 4416 496 4491 Herodotus
514 4419 743 4492 consueverit
765 4428 920 4514 apparet
943 4418 983 4489 in
999 4418 1175 4490 ποιέεσκον
1194 4421 1231 4492 Α
1251 4420 1312 4506 38,

170 4545 322 4619 ποιέεσκε
344 4541 372 4615 Δ
398 4546 465 4634 18,
491 4545 663 4622 πωλέεσκε
688 4549 724 4621 Α
752 4549 836 4622 196.
907 4546 1074 4643 syllabici
1097 4547 1312 4646 plusquam·
