3175 5092
735 356 937 422 .-κ-

266 556 323 625 σφι
354 526 429 598 Χῖοι
459 528 517 609 τός
543 534 666 626 νήσους
693 530 752 610 τάς
770 528 954 609 Οἰνούσσας
981 530 1187 622 καλεομένας
1215 530 1274 601 ούκ
1300 530 1398 629 ἐβού-

267 650 364 719 λοντο
383 648 601 741 ὠνευμένοισι
619 648 772 729 πωλέειν,
794 652 1021 744 δειμαίνοντες
1041 654 1088 748 μή
1109 653 1142 721 αί
1162 651 1220 744 μέν
1240 650 1399 751 ἐμπόριον

265 769 436 865 γένωνται,
458 772 480 867 ή
500 770 537 841 δὲ
555 770 665 840 αὐτῶν
683 778 786 868 νήσος
805 770 1020 869 ἀποκληισθῇ
1039 772 1157 841 τούτου
1176 768 1296 843 είνεκα.
1316 770 1400 865 πρός

265 895 368 960 ταῦτα
386 891 417 958 οί
435 887 607 969 Φωκαιέες
625 890 822 961 ἐστέλλοντο
842 890 877 969 ἐς
897 887 1049 988 Κύρνον·
1080 891 1113 963 ἐν
1132 890 1254 987 γδρτῄ
1278 886 1399 985 Κύρνῳ

265 1012 368 1082 εἴκοσι
396 1008 486 1080 ἐτεσι
515 1012 674 1107 πρότερον
703 1012 829 1080 τούτων
864 1010 900 1081 ἐκ
934 1011 1140 1108 θεοπροπίου
1173 1008 1399 1105 ἀνεστήσαντο
1439 1020 1457 1067 5

264 1130 372 1204 πόλιν,
400 1130 442 1226 τη
469 1129 597 1222 ούνομα
623 1133 665 1227 ήν
686 1119 845 1227 Ἀλαλίη.
888 1124 1141 1229 Ἀργανθώνιος
1164 1128 1201 1199 δὲ
1220 1134 1400 1226 τηνικαῦτα

263 1251 331 1347 ήδη
350 1250 592 1346 τετελευτήκεε.
640 1250 855 1343 στελλόμενοι
884 1250 921 1320 δέ
949 1250 1004 1321 ἐπί
1030 1254 1090 1348 τήν
1113 1247 1254 1348 Κύρνον,
1281 1256 1400 1346 πρῶτα

264 1370 555 1449 καταπλεύσαντες
572 1369 608 1449 ἐς
625 1372 686 1467 τήν
706 1368 865 1467 Φωκαίην
886 1373 1126 1465 κατεφόνευσαν
1154 1378 1219 1440 τῶν
1243 1366 1398 1466 ΙΙερσέων

263 1492 323 1587 τὴν
342 1489 507 1585 φυλακήν.
527 1490 549 1587 ή
570 1489 731 1587 ἐφρούρεε
748 1491 1005 1588 παραδεξαμένη
1025 1490 1117 1589 παρδ
1137 1478 1312 1587 “.λρπάγου
1337 1492 1399 1585 τήν

262 1610 371 1679 πόλιν.
419 1610 504 1701 μετὰ
532 1610 578 1687 δέ,
607 1615 654 1689 ὡς
672 1614 769 1681 τούτό
788 1636 847 1706 σφι
867 1610 1055 1707 ἐξέργαστο,
1077 1610 1280 1708 ἐποιήσαντο
1301 1612 1397 1705 ίσχυ-
1421 1622 1456 1669 1⁰

264 1730 324 1827 ράς
343 1728 487 1827 κατάρας
504 1730 552 1826 τῷ
573 1730 827 1825 ὑπολειπομένη)
847 1731 981 1803 ἑωυτῶν
1001 1736 1060 1800 τού
1079 1730 1209 1801 στόλου.
1254 1732 1337 1827 πρός
1361 1726 1399 1799 δέ

263 1852 402 1947 ταύτησι
423 1851 477 1919 καί
496 1848 619 1947 μύδρον
639 1850 795 1948 σιδήρεον
820 1853 1074 1923 κατεπόντωσαν
1103 1854 1156 1921 καί
1181 1852 1320 1944 ὤμοσαν
1350 1852 1398 1945 μή

263 1974 338 2067 πρίν
359 1970 394 2050 ἐς
412 1968 571 2065 Φωκαίην
599 1969 689 2067 ήξειν
714 1973 790 2067 πρὶν
816 1971 839 2067 ή
865 1974 918 2040 τόν
945 1972 1068 2067 μύδρον
1089 1977 1203 2041 τοῦτον
1223 1968 1395 2067 ἀναφανή-

262 2116 326 2160 ναι.
374 2088 606 2182 στελλομένων
628 2086 665 2158 δέ
683 2090 792 2160 αὐτῶν
817 2090 871 2161 ἐπί
899 2092 960 2187 τήν
980 2087 1120 2186 Κύρνον,
1152 2090 1234 2188 θπέρ
1253 2090 1399 2187 ἡμίσεας

262 2217 328 2279 τῶν
356 2206 465 2279 ἀστῶν
493 2207 596 2308 ἔλαβε
623 2208 729 2288 πόθος
754 2234 790 2280 τε
817 2213 870 2280 καί
896 2208 1004 2290 οἶκτος
1028 2220 1088 2310 της
1113 2209 1230 2289 πόλιος
1254 2212 1306 2279 καί
1331 2217 1398 2279 τῶν
1421 2223 1453 2271 1⁵

261 2328 376 2425 ήθέων
396 2337 457 2427 τῆς
474 2333 602 2425 χώρης,
633 2328 821 2427 ψευδόρκιοι
840 2328 877 2400 δέ
901 2333 1072 2427 γενόμενοι
1099 2328 1265 2401 ἀπέπλεον
1290 2328 1399 2399 όπίσω

263 2450 297 2530 ἐς
316 2452 377 2547 τὴν
396 2446 568 2545 Φωκαίην.
614 2447 646 2518 οί
663 2446 701 2518 δὲ
720 2447 829 2520 αὐτῶν
848 2454 886 2521 τό
905 2450 1015 2549 όρκιον
1035 2450 1236 2546 ἐφύλασσον.
1258 2446 1399 2545 ἀερθέν-

198 2574 257 2637 166
267 2597 322 2651 τες
350 2569 387 2640 ἐκ
410 2576 477 2639 τῶν
497 2564 706 2641 Οἰνουσσέων
734 2567 867 2641 ἔπλεον.
914 2570 1021 2641 ἐπείτε
1050 2568 1086 2641 δέ
1115 2570 1150 2649 ἐς
1175 2572 1236 2666 τήν
1267 2564 1399 2664 Κύρνον

263 2686 430 2770 ἀπίκοντο,
460 2690 566 2759 οἴκεον
593 2691 686 2787 κοινή
716 2688 800 2781 μετὰ
825 2698 891 2761 τῶν
918 2694 1079 2789 πρότερον
1106 2688 1317 2782 ἀπικομένων
1337 2678 1393 2758 ἐπ’

261 2809 338 2881 ἔτεα
356 2808 466 2888 πέντε,
488 2811 540 2880 καί
559 2810 613 2907 ίρά
632 2808 856 2907 ἐνιδρύσαντο.
887 2813 940 2880 καί
957 2812 1040 2908 ήγον
1060 2807 1122 2907 γάρ
1142 2811 1184 2907 δή
1204 2810 1257 2879 καί
1276 2808 1395 2904 ἔφερον
1416 2824 1450 2873 20

261 2931 338 3011 τούς
356 2933 541 3025 περιοίκους
559 2928 729 3008 ἅπαντας·
758 2933 992 3027 στρατεύονται
1011 2929 1056 2999 ὧν
1081 2918 1138 3001 ἐπ’
1163 2929 1283 3008 αύτούς
1301 2929 1402 3021 κοινῷ

262 3050 353 3144 λόγῳ
369 3048 581 3146 χρησάμενοι
598 3046 767 3147 Τυρσηνοί
786 3052 841 3119 καὶ
862 3046 1101 3148 Καρχηδόνιοι,
1133 3050 1231 3147 νηυσί
1250 3046 1410 3143 ἑκάτεροι·

262 3172 429 3266 ἐξήκοντα.
477 3170 507 3238 οί
526 3166 563 3240 δέ
582 3166 753 3250 Φωκαιέες
770 3169 1014 3267 πληρώσαντες
1037 3194 1089 3241 και
1109 3194 1202 3241 αυτοι
1221 3194 1262 3239 τα
1281 3168 1393 3245 πλοῖα,

261 3290 358 3359 ἐόντα
387 3285 529 3384 ἀριθμόν
556 3288 735 3386 ἑξήκοντα,
771 3288 923 3370 ἀντίαζον
950 3289 985 3369 ές
1011 3292 1047 3359 τό
1071 3288 1253 3388 Σαρδόνιον
1279 3290 1395 3361 καλεό-

263 3434 361 3500 μενον
381 3407 538 3505 πέλαγος.
585 3413 837 3505 συμμισγόντων
863 3406 900 3481 δὲ
918 3411 961 3507 τῇ
980 3415 1151 3508 ναυμαχίη
1172 3406 1327 3506 Καδμείη
1349 3434 1397 3487 τις
1415 3428 1447 3476 ιο

260 3518 333 3626 νίκη
353 3529 440 3600 τοῖσι
458 3524 648 3600 Φωκαιεῦσι
667 3529 817 3625 ἐγένετο·
847 3532 880 3601 αί
905 3527 965 3623 μέν
991 3528 1054 3628 γὰρ
1079 3527 1320 3628 τεσσεράκοντά
1338 3553 1396 3625 σφι

418 3818 490 3889 μάχη
503 3814 629 3871 Φωκαιῶν
643 3819 705 3889 πρὸς
717 3816 862 3890 Τυρσηνούς
874 3818 918 3871 καὶ
931 3816 1123 3890 Καρχηδονίους

365 4082 388 4129 δ.
411 4077 643 4147 StephanunByz.
657 4095 681 4129 ν.
697 4071 828 4131 Ἀλλαλία.
851 4106 880 4117 -
903 4080 942 4129 12.
964 4077 1049 4141 λέξεις

318 4253 339 4301 ί.
358 4250 451 4322 χίοιί)
476 4253 487 4313 ΙΙ
517 4251 632 4309 οίνούσοις
648 4254 672 4305 0
695 4254 706 4315 ΙΙ
735 4250 910 4320 έβούλευντοε
934 4254 945 4317 ΙΙ
969 4256 993 4303 3.
1015 4253 1097 4305 αὐτῶν
1113 4254 1146 4305 0:
1162 4253 1258 4305 αὐτέων
1289 4258 1300 4317 ΙΙ
1332 4256 1397 4307 ἀπο-

262 4321 376 4389 κληοθῆι
397 4322 421 4374 Ο
457 4322 468 4383 ΙΙ
508 4320 599 4373 τούτου
617 4319 701 4373 εἵνεκα
721 4321 835 4375 sortasse
853 4341 866 4373 s
887 4320 944 4374 uria
985 4324 995 4385 ΙΙ
1039 4322 1077 4373 1³.
1102 4320 1260 4391 ἀναφανῆναι
1274 4324 1396 4399 ,Βείελει

262 4388 391 4459 ἀναφῆναι
404 4390 435 4441 L.
452 4388 572 4441 ἀναδῦναι
585 4390 703 4446 Bekker.
718 4388 767 4442 ἀνα
782 4396 843 4458 ῆναι
856 4340 962 4444 ΙΚετοίύ
990 4394 1000 4455 ΙΙ
1033 4393 1071 4443 17.
1093 4390 1182 4443 οίδὲε
1211 4394 1221 4453 Η
1256 4394 1293 4443 l&
1314 4393 1397 4444 αἰνου-

264 4457 367 4579 οὲωνυθ
387 4460 398 4520 ΙΙ
411 4460 464 4542 120.
484 4458 528 4509 καὶ
541 4458 724 4529 οίγονγδρὴδη
739 4460 767 4513 0
785 4495 799 4511 ε
828 4464 839 4525 ΙΙ
869 4461 911 4513 26.
931 4461 1113 4531 τεσσεράκοντα
1124 4464 1162 4513 A:
1177 4462 1362 4531 τεσσαράκοντα
1384 4464 1395 4527 ll

265 4542 310 4596 σφι
355 4542 444 4595 ισφισι
