3175 5092
654 345 798 402 Praelatio.
1234 365 1299 412 XLV

156 517 243 596 ‘nisi
265 524 405 596 codices
423 512 662 608 addicerent',
689 525 763 611 sed,
790 523 856 617 qui
874 533 962 596 tunc
980 533 1057 594 erat
1074 525 1206 596 horum
1223 531 1300 594 stu-

161 653 305 726 diorum
335 660 467 739 status,
499 675 575 724 non
607 652 709 746 potui
740 675 817 724 non
848 651 1015 724 alacriter
1044 675 1125 724 eam
1156 652 1299 747 ingredi

161 782 279 867 viam,
313 806 423 876 quam
448 790 533 875 post
557 781 747 853 temeraria
768 780 941 875 irritaque
966 805 1100 876 magna
1123 805 1171 853 ex
1197 789 1300 876 parte

160 908 346 982 Sohueferi
364 911 557 983 conamina
580 910 718 1004 primus
744 907 983 982 saluberrimo
1006 909 1178 1004 exemplo
1195 934 1300 981 mon-

160 1047 338 1110 straverat
351 1039 393 1110 C.
408 1040 452 1110 L.
469 1039 648 1124 Struve,
668 1061 755 1110 mox
768 1037 819 1110 H.
836 1039 1012 1134 Lhardy
1030 1047 1177 1110 strenue
1194 1039 1299 1134 sequi

161 1177 381 1260 perrexerat,
401 1164 622 1238 Guilielmus
642 1175 764 1239 autem
781 1165 985 1239 Dindorf
1005 1167 1142 1261 primus
1161 1168 1207 1238 ad
1225 1166 1300 1238 cal-

160 1321 240 1368 cem
270 1319 387 1390 usque
411 1304 656 1390 percurrerat,
688 1319 771 1366 cum
797 1297 924 1368 eodem
945 1293 1022 1367 fere
1047 1319 1119 1390 quo
1146 1305 1300 1390 uterque

161 1422 309 1495 illorum
346 1434 508 1518 tempore
542 1425 583 1496 F.
610 1425 640 1494 I.
668 1423 709 1495 Ο.
737 1424 993 1496 Bredovius
1030 1421 1222 1518 diligentia
1258 1447 1300 1495 ac

161 1552 284 1626 bbere
302 1551 413 1647 plane
431 1551 634 1626 admirabili
651 1552 692 1624 in
710 1575 836 1625 omnes
860 1562 980 1647 partes
1004 1554 1166 1625 muniret
1184 1577 1299 1647 eaque

163 1691 339 1754 sterneret
356 1679 606 1768 fundamenta,
633 1681 767 1774 quibus
785 1682 884 1754 idem
902 1705 994 1776 opus
1012 1683 1076 1776 qui
1093 1690 1220 1776 postea
1237 1683 1300 1754 ad-

161 1812 382 1905 grederetur,
397 1811 563 1905 quamvis
577 1807 746 1904 ampliori
759 1809 971 1904 meliorique
984 1810 1225 1883 instrumento
1238 1813 1301 1883 ad-

160 1939 271 2023 iutus,
286 1948 536 2033 superstruere
550 1940 708 2010 deberet.
743 1939 868 2034 itaque
887 1940 932 2011 ad
949 1939 1059 2010 huius
1072 1940 1301 2034 potissimum

161 2077 358 2162 praecepta
386 2069 564 2162 refingere
600 2069 760 2139 conabar
795 2068 996 2141 orationem
1027 2069 1074 2140 ad
1103 2091 1184 2140 eam
1214 2094 1302 2141 con·

163 2197 404 2282 venientiam,
436 2219 545 2290 quam
570 2196 754 2291 requirere
780 2197 971 2269 videbatur
996 2198 1089 2270 tanti
1119 2197 1301 2290 scriptoris

164 2324 332 2419 dignitas.
376 2349 445 2396 nec
463 2349 549 2398 vero
567 2349 666 2396 eram
692 2332 772 2396 tum
794 2324 936 2396 nescius
958 2334 1024 2397 uut
1041 2323 1204 2398 celabam
1222 2324 1299 2398 fore
1332 2321 1336 2324 ⁴

163 2460 206 2524 ut
222 2451 420 2547 aliquando
438 2453 483 2525 de
498 2461 641 2526 vetusta
658 2453 823 2524 codicum
839 2454 1016 2525 memoria
1032 2452 1163 2526 melius
1181 2456 1301 2526 edocti

164 2583 208 2653 de
225 2579 353 2653 multis
380 2579 496 2667 aliter,
529 2605 640 2676 quam
665 2591 744 2652 tum
762 2583 845 2653 fieri
866 2590 1021 2676 poterat,
1048 2591 1299 2656 statueremus.

163 2711 262 2805 quod
280 2709 354 2781 iam
371 2734 497 2804 reapse
524 2709 685 2782 evenisse
711 2711 895 2804 profiteor.
942 2712 1091 2796 etenim,
1116 2720 1160 2783 ut
1176 2711 1301 2805 paucis

162 2839 469 2932 comprehendam
488 2861 581 2932 quae
599 2861 697 2909 nunc
715 2837 844 2925 sentio,
870 2841 969 2932 quod
989 2838 1044 2910 illi
1061 2837 1302 2933 multiplicem

161 2964 363 3040 formarum
393 2967 605 3039 varietatem
636 2967 683 3037 ad
708 2965 875 3038 codicum
906 2966 1115 3039 testimonia
1144 2969 1298 3063 exquiri,

163 3119 332 3192 quaeque
363 3102 400 3167 et
429 3093 573 3188 saepius
604 3095 866 3166 exhiberentur
896 3103 935 3167 et
962 3096 1098 3167 rationi
1128 3098 1302 3169 sermonis

163 3223 459 3310 convenientius,
498 3247 558 3296 eas
596 3246 662 3318 pro
701 3223 794 3296 veris
831 3223 992 3317 ratisque
1030 3224 1158 3295 haberi
1197 3223 1302 3297 volu-

164 3362 288 3438 erunt,-
302 3359 340 3426 et
356 3349 523 3424 fecerunt
539 3353 739 3445 prudenter
755 3375 824 3423 nec
841 3351 919 3423 sine
937 3375 1112 3446 prospero
1129 3362 1301 3448 certoque

164 3490 312 3554 eventu.
355 3481 473 3552 eidem
497 3481 594 3575 quod
617 3477 735 3551 mults
751 3479 849 3552 varie
866 3481 1025 3575 figurata
1046 3483 1092 3553 ad
1109 3481 1299 3565 unitatem,

164 3605 345 3680 nonnulla
387 3609 497 3680 etiam
540 3616 683 3702 praeter
729 3608 871 3680 codices
921 3611 967 3681 ad
1016 3609 1168 3681 rationis
1216 3635 1303 3682 con-

166 3737 387 3810 venientiam
404 3737 635 3831 redegerunt,
661 3759 743 3808 non·
761 3744 849 3807 sunt
864 3737 1077 3809 temeritatis
1096 3739 1300 3810 accusandi.

166 3867 227 3938 sed
240 3866 281 3938 in
295 3861 359 3936 illo
375 3865 519 3958 decepit
532 3887 594 3936 eos
609 3887 716 3958 saepe
730 3861 826 3935 falso
837 3874 903 3936 aut
915 3889 1046 3937 manca
1059 3868 1104 3938 de
1118 3867 1303 3938 codicibus

166 3995 323 4066 narratio
347 4001 412 4064 eut
433 4017 543 4086 quam
564 3994 774 4088 ignorarent
797 3992 1030 4087 interpolatio
1052 4003 1303 4082 correctorum,

166 4120 204 4192 in
229 4122 301 4193 hoc
333 4121 444 4193 studii
469 4123 625 4215 quodam
657 4119 799 4194 fervore
823 4124 1193 4218 membranarumque
1217 4149 1303 4196 con-

167 4257 310 4344 temptu
323 4249 468 4344 longius
482 4249 660 4344 progressi
673 4259 770 4322 sunt.
798 4249 925 4344 itaque
937 4275 1042 4322 meae
1054 4275 1155 4324 nunc
1172 4276 1303 4346 operae

168 4379 280 4450 maior
297 4401 381 4472 pers
398 4378 438 4448 in
456 4380 594 4450 tuenda
612 4401 722 4473 quam
739 4378 779 4449 in
795 4378 974 4450 mutanda
989 4377 1145 4452 lectione
1164 4382 1304 4453 Arche-

169 4506 245 4600 typi
274 4503 366 4592 fnit,
404 4513 518 4600 utque
548 4506 649 4578 haud
678 4530 797 4600 pauco
825 4506 937 4578 etiam
974 4531 1074 4578 nuno
1109 4532 1194 4579 cum
1231 4507 1304 4580 illis
