3175 5092
653 357 797 412 Praefatio
1237 377 1300 422 1,111

163 531 356 605 correctori
381 533 419 604 R
443 541 592 626 propter
617 531 847 629 λεωσφέτερον
866 529 880 603 1
901 531 969 617 33,
995 529 1146 604 fortasse
1162 533 1302 604 nimius

162 659 228 732 fui.
272 685 360 732 nam
378 669 518 732 constat
536 661 691 733 eandem
708 684 835 731 vocem
852 661 893 732 in
910 661 1123 732 nominibus
1146 659 1302 753 propriis

163 791 263 860 haud
294 787 565 883 infrequentem
597 788 729 860 variari
761 788 893 882 speeie.
953 783 1132 867 Μενέλεως
1162 786 1303 882 aliquot

163 917 250 989 locis
276 917 429 1011 legitur,
456 941 524 990 nec
549 926 674 989 tamen
698 911 876 986 Μενελάου
901 911 933 984 Η
957 916 1027 987 169
1053 915 1168 1010 magis
1194 917 1303 988 debet

163 1047 299 1118 mutari
318 1069 428 1139 quam
446 1039 621 1123 Μενέλαος
640 1042 742 1140 λιμήν
761 1039 788 1112 Δ
806 1044 890 1128 169,
909 1051 974 1114 aut
985 1034 1167 1140 Ἀρχέλαοι
1184 1045 1301 1115 tribus

164 1174 334 1269 Sicyonia
358 1168 388 1243 Ε
407 1173 467 1245 68.
520 1149 675 1242 Νικόλεω
700 1170 912 1264 Spartiatae
928 1195 1064 1243 nomen
1088 1168 1193 1242 estH
1216 1173 1301 1258 134,

164 1327 275 1395 quem
308 1302 464 1374 eundem
495 1298 608 1393 paulo
637 1307 719 1391 post
748 1299 818 1371 137
845 1299 1010 1371 videmus
1033 1295 1181 1378 Νικόλαν
1215 1300 1299 1371 diei.

164 1429 324 1525 Lycurgi
337 1428 577 1501 Atheniensis
595 1425 695 1497 filius
713 1436 769 1499 est
782 1419 1040 1524 Ἀριστολαΐδεω
1053 1428 1090 1498 A
1106 1427 1165 1498 59.
1198 1451 1301 1522 reges

164 1559 434 1652 Spartiatanrm
462 1564 550 1627 sunt
582 1552 778 1654 Λεωβώτης
807 1554 999 1651 Λεωνίδης,
1034 1563 1073 1626 at
1099 1555 1140 1626 in
1172 1558 1301 1629 eodem

164 1709 318 1758 numero
336 1683 555 1780 Λευτυχίδης.
601 1684 664 1755 sed
683 1677 883 1778 ΛέαρχοςΛ
904 1683 976 1772 160
1002 1682 1110 1755 valde
1132 1684 1297 1755 dubium.

134 1826 138 1832 “
164 1812 350 1905 Λαοδάμας
367 1835 499 1883 nomen
518 1820 574 1883 est
591 1819 629 1884 et
646 1809 889 1882 Phocaeensis
907 1810 934 1878 Δ
952 1810 1023 1882 138
1043 1819 1082 1883 et
1093 1814 1300 1906 Aeginetae

163 1939 190 2012 Δ
208 1941 292 2012 152.
329 1938 499 2037 Λακρίνης
512 1937 824 2010 Lacedaemonius
842 1939 879 2009 A
897 1940 981 2025 152,
1000 1935 1168 2036 Λαφάνης
1186 1943 1301 2013 Arcas

164 2068 190 2140 Z
212 2070 297 2154 127,
317 2065 447 2164 Λαδίκη
467 2065 599 2139 mulier
618 2065 855 2162 CyrenaeaB
878 2067 962 2151 181,
981 2065 1133 2164 Λαοδίκη
1152 2067 1301 2164 Hyper-

163 2201 275 2269 borea
305 2191 333 2265 Λ
360 2195 418 2266 33.
445 2195 505 2266 35.
576 2195 650 2266 iam
689 2194 818 2288 opinor
854 2192 999 2266 mollius
1030 2191 1195 2268 ferentur
1226 2223 1300 2270 non

163 2326 286 2398 minus
304 2323 486 2396 variantia
504 2317 620 2418 (Ἆγις)
633 2306 747 2419 νΛηιος
762 2319 789 2394 Ζ
803 2324 866 2409 65,
878 2307 1000 2419 Ἤγιος
1018 2319 1050 2392 Η
1066 2324 1152 2396 204.
1182 2311 1298 2424 ’Λέρο-

162 2478 227 2531 πος
251 2447 278 2522 θ
301 2450 385 2537 137,
406 2442 579 2547 Ἠερόπου
603 2447 697 2522 126.
739 2442 921 2521 Ἀπιδανοῦ
947 2446 978 2520 Η
1002 2452 1087 2537 129,
1114 2440 1300 2535 Ἠπιδανός

163 2576 195 2650 Η
225 2580 310 2652 196.
373 2575 539 2650 similiter
570 2577 721 2672 parique
752 2577 1000 2651 inoonstantia
1032 2575 1058 2650 Γ
1085 2579 1132 2652 97
1166 2577 1296 2680 Νύσην,

162 2709 194 2779 Β
224 2708 296 2780 146
323 2703 451 2777 Νόοαν.
504 2701 537 2776 H
564 2707 634 2779 221
652 2691 857 2806 Ἀκαρνῆνα,
892 2707 943 2779 sio
968 2716 1011 2779 ut
1035 2705 1062 2778 Z
1091 2709 1162 2780 127
1184 2695 1297 2806 Ἀζην,

164 2831 195 2906 H
221 2836 302 2908 132.
327 2835 410 2906 185.
431 2834 500 2906 198
515 2822 694 2933 Ἐνιῆνεςε
715 2841 753 2906 at
769 2834 806 2905 A
821 2835 868 2908 62
883 2823 1054 2932 Ἀκαρνάν,
1074 2837 1134 2908 cui
1152 2838 1300 2932 quidem

161 2967 209 3035 ob
247 2963 358 3034 aliam
403 2985 550 3036 eausam
579 2961 811 3055 Valckenaer
850 2960 1078 3057 praeferebat
1103 2952 1297 3063 Ἀχαρνεύς,

162 3092 194 3164 Β
213 3093 269 3163 10.
290 3090 330 3161 Η
348 3090 418 3162 128
435 3079 670 3188 Ἀκαρνανίης,
691 3099 734 3163 ut
751 3087 778 3160 Δ
796 3093 867 3164 176
888 3088 1060 3171 Γινδᾶνεςε
1079 3117 1166 3164 nam
1179 3081 1300 3190 ’Ληρι-

162 3223 240 3299 ἄνις
258 3214 287 3290 Ε
311 3219 356 3292 16
376 3224 565 3312 suspectae
583 3226 639 3290 est
655 3218 817 3314 originis.
866 3220 908 3292 in
925 3217 1071 3318 Γάδειρα
1084 3219 1233 3318 'syllaba
1255 3247 1300 3318 ηα

163 3347 315 3442 ancipiti
332 3354 388 3418 est
405 3354 587 3440 tempore,
613 3349 677 3419 sed
696 3343 887 3446 Γηδείροιαι
908 3343 936 3418 Λ
954 3349 976 3420 8
999 3371 1074 3421 non
1091 3350 1299 3424 Herodotus

161 3475 306 3570 scripsit
334 3476 399 3547 sed
428 3483 603 3548 corrector
626 3473 673 3546 R.
722 3473 886 3572 θέητρον,
914 3475 1047 3575 θεητης
1072 3479 1144 3552 sibi
1167 3503 1300 3553 eonve-

161 3604 351 3679 venienter
374 3600 518 3689 format,
543 3628 611 3675 neo
629 3611 752 3678 tamen
769 3603 927 3677 mutavit
943 3629 1078 3678 nomen
1094 3609 1298 3702 Spartiatae

163 3729 331 3830 θεααίδης
349 3729 375 3802 Ζ
394 3732 454 3804 85.
501 3731 666 3803 tribuum
691 3732 896 3804 doricarum
917 3736 1067 3807 nomina
1087 3736 1299 3810 ioculariter

163 3860 388 3934 aClisthene
406 3856 528 3932 efficta
539 3847 662 3931 Ὑᾶται
676 3848 834 3932 Ὀνεᾶται
846 3857 1029 3960 Χοιρεᾶται
1047 3859 1077 3935 Ε
1092 3866 1140 3938 68
1159 3865 1299 3938 intacta

162 3987 319 4082 reliquit,
347 3995 391 4059 ut
414 3988 552 4060 ibidem
570 3985 765 4081 Asperitas
790 3996 828 4061 et
852 3992 949 4084 quod
972 3994 1081 4064 modo
1097 3995 1297 4066 memoravi

158 4101 352 4214 Ἀρχέλαοι.
405 4114 565 4188 alternat
589 4112 818 4213 Παρωρεάτας
842 4113 870 4186 Δ
898 4119 969 4191 148
1003 4129 1041 4192 et
1070 4117 1297 4219 Παρωρεῆται

164 4243 186 4312 6
213 4243 271 4316 73.
326 4237 508 4342 Καβηλέες
531 4243 652 4340 lydios
677 4245 855 4337 quaedam
877 4271 968 4340 gens
993 4257 1143 4320 vocatur
1175 4245 1207 4318 H
1235 4252 1294 4331 77,

162 4393 226 4444 noc
249 4394 337 4444 vero
362 4369 495 4442 idcirco
518 4371 558 4443 in
583 4371 812 4446 emendando
826 4367 1015 4477 ⁴Knssoitom
1033 4373 1061 4447 Γ
1080 4379 1128 4450 96
1154 4380 1201 4450 ud
1220 4373 1295 4449 Κα-

160 4496 293 4597 βηλέων
320 4499 638 4593 progrediendum.
690 4525 759 4574 nee
776 4503 957 4575 movenda
983 4503 1065 4597 ipsa
1088 4502 1296 4600 frequentia
