3175 5092
267 364 310 407 Lx
759 340 905 396 Praefatio.

268 517 323 613 (ut
352 514 384 587 H
416 518 485 589 187
522 521 733 616 τριηκοσίους
760 515 885 596 ἄλλους
911 516 1101 613 μεδίμνους)
1134 541 1200 612 pro
1231 508 1399 617 Ἀττικῆς,

265 647 339 718 nisi
357 654 395 718 et
412 645 638 738 corruptelae
657 645 710 717 ibi
729 654 825 718 esset
837 645 1008 739 proclivis
1021 647 1178 740 suspitio
1195 671 1264 718 nee
1281 644 1402 717 ullum

267 798 422 868 usquam
441 782 583 847 extaret
602 773 753 847 alterius
771 775 916 868 generis
934 773 1157 868 exemplum.
1200 777 1298 868 quod
1314 799 1403 846 eon-

266 912 323 975 tra
346 904 466 975 estin
490 897 683 1000 Μαραθῶν,
719 926 829 996 quem
859 902 982 974 locum
1011 904 1201 996 scriptores
1225 903 1327 974 haud
1350 903 1404 975 ita

264 1054 345 1102 raro
363 1026 541 1102 feminine
565 1030 826 1116 enuntiarunt,
851 1055 926 1102 non
943 1031 1051 1104 Iones
1074 1029 1191 1102 solum
1213 1040 1279 1102 aut
1296 1055 1401 1125 pree-

265 1159 385 1252 cipue,
406 1183 499 1264 quae
517 1167 573 1230 est
590 1159 906 1252 grammaticorum
920 1159 1120 1232 cantilena:
1140 1161 1203 1232 sed
1221 1161 1311 1231 adeo
1329 1160 1401 1230 sibi

265 1293 407 1359 constat
431 1287 641 1360 Herodotus
674 1286 714 1358 in
746 1309 790 1358 eo
816 1289 985 1371 nomine,
1015 1298 1060 1361 ut
1083 1312 1189 1383 aegre
1213 1288 1401 1362 credemus

264 1439 349 1488 eum
368 1413 393 1486 Z
416 1415 486 1487 102
506 1411 617 1486 semel
635 1415 772 1486 dixisse
790 1416 814 1512 ἠ
832 1409 1020 1513 Μαραθῶν,
1048 1440 1158 1511 quem
1175 1419 1299 1490 statim
1321 1430 1404 1513 post

266 1542 291 1614 Z
321 1543 391 1615 103
425 1541 624 1636 multisque
650 1543 784 1614 deinde
814 1542 905 1614 loeis
934 1543 1070 1616 dixerit
1101 1546 1157 1615 τδν
1188 1540 1399 1644 Μαραθῶνα.

265 1671 390 1765 itaque
416 1671 606 1765 paruimus
632 1671 823 1743 correctori
849 1671 904 1742 P:
938 1696 1025 1743 nem
1049 1672 1087 1743 R
1111 1671 1281 1745 callidius
1313 1677 1402 1748 arti-

265 1798 389 1872 culum
407 1800 529 1892 ipsum
548 1798 696 1874 delevit.
740 1800 865 1895 disper
887 1824 1012 1871 rursus
1036 1825 1147 1878 ceusu
1167 1801 1401 1898 multumque

195 2020 204 2030 Ι
265 1929 467 2022 disceptata
491 1928 653 1999 nominis
678 1923 884 2026 Βραγχίδαι,
916 1929 1021 2000 euius
1046 1940 1188 2023 praeter
1212 1930 1287 2001 elie
1310 1931 1402 2004 haee

264 2065 351 2128 sunt
367 2057 412 2128 de
429 2079 563 2151 genere
582 2056 766 2150 exempla:
794 2059 831 2128 A
850 2058 897 2128 92
921 2053 963 2127 τὰ
980 2050 1011 2128 δ’
1035 2056 1071 2129 ἐν
1090 2053 1303 2156 Βραγχίδῃσι
1319 2062 1400 2157 τῇσι

264 2179 443 2281 Μιλησίων
463 2179 675 2281 ἀναθήματα,
692 2183 724 2254 Β
743 2185 814 2256 159
829 2181 976 2280 ἀνέθηκε
993 2172 1245 2280 τῷἈπόλλιυνι
1262 2186 1400 2284 πέμψας

264 2310 300 2391 ἐς
331 2305 526 2409 Βραγχίδας
557 2307 615 2390 τὰς
649 2305 847 2408 Μιλησίων,
888 2315 925 2384 Α
957 2313 1026 2384 158
1059 2312 1254 2410 πέμψαντες
1285 2312 1333 2383 ὧν
1367 2315 1400 2384 οί

265 2434 414 2531 Κυμαῖοι
438 2435 474 2518 ἐς
502 2438 580 2517 τοὺς
604 2434 799 2538 Βραγχίδας
826 2437 1047 2538 θεοπρόπους.
1111 2443 1156 2513 de
1188 2440 1260 2513 hoc
1283 2441 1398 2536 igitur

264 2575 319 2640 est
342 2565 503 2638 narratio
529 2566 724 2664 Porphyrii
751 2576 890 2661 quaest.
915 2568 1066 2641 Homer.
1094 2593 1125 2642 α.
1146 2571 1190 2656 8,
1217 2593 1293 2642 non
1317 2595 1398 2642 eam

263 2683 375 2766 unarn
394 2697 441 2766 ob
460 2719 607 2767 eausam
624 2697 729 2770 nobis
754 2685 1019 2770 memorabilis:
1047 2698 1083 2771 ἐν
1109 2704 1178 2781 τοῖς
1202 2698 1397 2800 Φιλήμονος

262 2821 466 2916 Συμμίκτοις
496 2825 572 2922 περὶ
597 2811 819 2922 Ἤροδοτείου
849 2825 1082 2925 διορθῶματος
1116 2827 1134 2898 ό
1167 2832 1397 2927 γραμματικὸς

263 2949 497 3048 διαλεγόμενος
514 2954 667 3050 πειρᾶται
693 2954 746 3023 καί
766 2945 936 3051 Ὃμηρικά
960 2979 1033 3025 τινα
1051 2957 1270 3053 σαφηνίζειν·
1298 2955 1396 3028 οὐδέν

262 3075 299 3150 δὲ
314 3079 427 3176 χεῖρον
447 3079 501 3150 καί
518 3079 575 3150 τδν
589 3065 775 3178 Ἡρόδοτον
795 3079 946 3178 φιλοῦντί
969 3107 1023 3153 σοι
1046 3085 1108 3180 τὴν
1128 3087 1240 3156 πᾶσαν
1258 3089 1318 3155 τοῦ
1336 3081 1396 3155 ἀν-

262 3205 339 3303 δρὸς
356 3203 545 3304 ἀναγράψαι
562 3208 714 3304 ζήτησιν.
761 3210 846 3304 φησί
867 3205 930 3306 γὰρ
953 3209 1004 3281 ότι
1027 3209 1063 3282 ἐν
1087 3235 1130 3309 τη
1147 3215 1266 3309 πρώτη
1287 3197 1396 3310 Ἡρό-

262 3333 358 3414 δοτος
380 3339 447 3404 τῶν
474 3334 627 3432 ἱστοριῶν
652 3309 737 3432 περί.
747 3331 896 3434 Κροίσου
920 3341 979 3408 τοῦ
997 3335 1109 3408 Λυδοῦ
1126 3337 1236 3408 πολλά
1253 3365 1289 3410 τε
1307 3337 1396 3411 ἄλλα

261 3458 436 3531 διείλεκται
456 3462 510 3531 καί
530 3462 596 3558 μὴν
622 3461 672 3531 ότι
694 3461 957 3562 θεοσεβέστατος
974 3465 1102 3560 γένοιτο
1127 3467 1183 3536 καί
1201 3464 1395 3564 διαπρεπῶς

259 3591 401 3684 τιμησαι
427 3584 468 3656 τὰ
481 3573 670 3686 Ἑλληνικὰ
688 3593 826 3682 μαντεῖα
843 3588 885 3661 τὰ
903 3589 937 3662 έν
957 3588 1111 3687 Δελφοῖς,
1139 3591 1179 3664 τὰ
1197 3591 1232 3664 έν
1252 3591 1391 3692 θηβαῖς,

260 3715 298 3784 τὸ
315 3718 374 3784 τοῦ
387 3699 591 3824 Ἀμμιυνοςχ
602 3716 640 3786 τὸ
658 3720 717 3786 τοῦ
731 3705 965 3815 Ἀμφιαράου·
988 3719 1115 3789 τούτων
1135 3718 1195 3813 μὲν
1215 3720 1258 3817 δη
1277 3718 1395 3799 ἄλλοις

231 3875 233 3882 ·
260 3839 348 3912 ἄλλα
366 3840 498 3939 πέμψαι
522 3841 631 3941 δῶρα
659 3839 807 3940 ἀνέθηκε
828 3844 866 3916 δέ
887 3869 960 3917 τινα
983 3848 1042 3917 καί
1064 3844 1099 3916 ἐν
1118 3843 1285 3945 Βραγχίσι
1308 3847 1390 3943 (leg.

258 3964 541 4066 Βραγχίδῃσι)
560 3977 657 4069 τῆσι
678 3965 927 4069 Μιλησίων·
947 3974 1002 4044 καί
1018 3972 1203 4070 γέγραπται
1219 3974 1288 4071 ἤδη
1309 3975 1393 4046 κατὰ

257 4093 366 4166 πάντα
384 4093 501 4176 ἁπλῶς
518 4092 559 4167 τὰ
577 4094 763 4197 ἀντίγραφα
781 4100 909 4199 τὸτῆς
927 4097 1050 4198 ἄρθρον
1070 4101 1131 4170 σὺν
1150 4103 1198 4197 τῷ
1217 4101 1302 4172 ίῶτα
1319 4103 1392 4174 ίσο-

260 4223 424 4317 δυναμοῦν
453 4225 503 4322 τῷ
532 4227 638 4304 ταῖς.
704 4223 825 4298 οὐδένα
852 4253 890 4323 γε
915 4230 983 4325 μην
1005 4213 1187 4325 Ἑλλήνων
1215 4227 1392 4322 ὑπομεῖναι

259 4347 418 4447 θηλυκῶς
444 4347 502 4430 τὰς
520 4347 714 4450 Βραγχίδας
741 4349 780 4424 ἂν
807 4355 919 4435 εἰπεῖν,
945 4346 1131 4453 Ἡρόδοτον
1151 4353 1188 4427 δὲ
1207 4354 1334 4449 μᾶλλον
1352 4353 1391 4427 ἂν

258 4475 378 4574 ἑτέρων
397 4475 608 4573 φυλάξασθαι
626 4475 746 4580 ἀκριβῆ
765 4505 802 4552 τε
820 4479 899 4554 όντα
915 4483 995 4579 περὶ
1010 4480 1052 4552 τὰ
1066 4481 1214 4577 ὀνόματα
1232 4484 1287 4554 καί
1303 4482 1390 4554 πάνυ
