3175 5092
294 304 356 366 220
764 303 963 365 -B-

295 475 492 558 ἐκδέξασθαι
511 479 571 575 τἠν
590 475 775 576 βασιληίην
795 477 850 550 τόν
868 474 1032 574 ἀδελφεὸν
1051 477 1154 548 αὐτοῦ
1172 473 1352 576 Χεφρῆνα·
1379 479 1430 548 καὶ
1558 532 1559 563 ι

294 601 410 669 τοῦτον
432 595 470 667 δὲ
487 599 537 692 τῷ
555 595 650 692 αὐτῷ
672 599 786 696 τρόπῳ
805 595 1010 696 διαχρᾶσθαι
1026 599 1078 693 τῷ
1097 594 1205 695 ἑτέρῳ
1230 595 1326 670 τότε
1344 595 1431 670 ἄλλα
1558 592 1559 613 ³

294 719 348 789 καὶ
364 715 538 816 πυραμίδα
555 723 706 816 ποιῆσαι,
734 715 770 796 ές
793 714 854 811 μὲν
878 715 921 790 τὰ
937 715 1065 790 ἐκείνου
1083 716 1191 816 μέτρα
1207 715 1268 788 οὐκ
1284 713 1431 813 ἀνηκου-

294 859 376 909 σαν·
402 839 509 908 ταῦτα
526 834 589 934 γὰρ
607 833 654 905 ὧν
673 837 728 908 καί
745 836 846 934 ἡμεῖς
863 834 1120 934 ἐμετρήσαμεν·
1139 835 1217 910 οότε
1234 835 1299 934 γὰρ
1317 833 1433 908 ὕπεστι

294 956 461 1054 οἰκήματα
480 953 543 1026 όπδ
563 962 637 1055 γῆν,
664 955 742 1028 οὔτε
767 953 806 1026 ἐκ
822 959 882 1028 τοῦ
900 952 1025 1028 Νείλου
1042 955 1165 1054 διῶρυξ
1182 958 1256 1055 ἥκει
1273 954 1309 1036 ές
1327 954 1433 1052 αὐτὴν
1466 973 1481 1021 ο

294 1079 409 1174 ὥσπερ
428 1073 464 1155 ές
481 1075 541 1172 την
560 1071 681 1172 έτέρην
700 1075 841 1173 ῥέουσαι
869 1067 911 1146 δι’
934 1073 1206 1172 οἰκοδομημένου
1222 1073 1261 1148 δὲ
1279 1075 1434 1154 αὐλῶνος

295 1195 365 1269 ἔσιο
382 1203 485 1295 νῆσον
503 1194 699 1293 περιρρέειν,
728 1193 762 1266 έν
785 1195 829 1292 τῇ
853 1192 951 1266 αὐτόν
980 1194 1114 1291 λέγουσι
1140 1193 1276 1269 κέεσθαι
1300 1192 1432 1268 Χέοπα.
1560 1200 1561 1263 ί

295 1314 480 1408 ὑποδείμας
505 1313 542 1386 δὲ
567 1315 624 1384 τόν
652 1320 785 1412 πρῶτον
813 1312 917 1408 δόμον
935 1312 1032 1386 λίθου
1052 1309 1249 1388 Αἰθιοπικοῦ
1265 1312 1432 1393 ποικίλου,

293 1432 534 1532 τεσσεράκοντα
551 1433 659 1513 πόδας
677 1429 806 1533 ὑποβὰς
825 1440 887 1532 τῆς
907 1433 1036 1531 ἑτέρης,
1057 1434 1166 1505 τώυτό
1184 1432 1336 1531 μέγαθος
1353 1431 1434 1529 έχο-

294 1552 400 1652 μένην
425 1558 486 1650 τῆς
517 1551 669 1649 μεγάλης
694 1550 907 1650 οίκοδόμησε.
954 1551 1069 1626 ἑστᾶσι
1095 1551 1133 1624 δὲ
1157 1552 1212 1626 ἐπὶ
1238 1552 1350 1648 λόφου
1374 1555 1482 1622 τοῖιν

293 1673 397 1745 αὑτοῦ
416 1668 613 1770 ἀμφότεραι,
642 1670 788 1764 μάλιστα
812 1671 848 1754 ές
872 1671 992 1745 ἑκατόν
1016 1672 1122 1753 πόδας
1141 1670 1285 1770 θόηλοῦ.
1334 1670 1435 1772 βασι-

293 1792 410 1865 λεῦσαι
429 1788 466 1864 δὲ
484 1788 600 1887 ἔλεγον
624 1787 787 1889 Χεφρῆνα
805 1788 842 1870 δέ
857 1791 913 1863 καί
929 1794 1136 1890 πεντήκοντα
1153 1790 1243 1864 ἔτεα.

227 1929 288 1992 128
372 1908 485 1984 Ταῦτα
511 1907 546 1990 έΕ
573 1935 610 1982 τε
638 1911 693 1983 καί
716 1907 834 1982 ἑκατόν
862 1909 1050 2007 λογίζονται
1075 1909 1164 1992 ἔτεα,
1195 1909 1230 1983 έν
1258 1913 1347 1984 τοῖσι
1374 1906 1435 1982 Al·
1562 1912 1563 1929 ¹

293 2034 457 2129 γυπτίοιαί
474 2055 510 2102 τε
527 2031 639 2101 πᾶσαν
658 2027 741 2102 εἶναι
760 2030 929 2128 κακότητα
953 2031 1007 2102 καί
1030 2027 1073 2101 τὰ
1096 2029 1150 2129 ίρὰ
1167 2032 1290 2128 χρόνου
1308 2032 1435 2102 τοσσό-

292 2176 352 2222 του
370 2147 658 2247 κατακληισθέντα
677 2145 737 2220 οὐκ
755 2145 966 2249 ἀνοιχθῆναι.
1012 2151 1149 2230 τούτους
1174 2147 1238 2220 δπδ
1257 2151 1377 2241 μίσεος
1394 2147 1435 2220 οὐ
1455 2167 1482 2216 ιι

293 2267 396 2368 κάρτα
413 2267 552 2342 θέλουσι
571 2263 746 2365 Αίγύπτιον
764 2266 950 2362 ὀνομάζειν,
979 2265 1066 2340 ἀλλὰ
1091 2270 1146 2341 καί
1162 2267 1224 2348 τὰς
1239 2267 1436 2366 πυραμίδας

292 2387 449 2462 καλέουσι
466 2386 628 2482 ποιμένος
646 2384 803 2470 Φιλίτιος,
828 2386 866 2468 δς
882 2391 999 2460 τοῦτον
1017 2389 1074 2461 τόν
1092 2390 1212 2486 χρόνον
1231 2385 1329 2481 ἔνεμε
1350 2390 1434 2485 κτη-

292 2532 353 2580 νεα
371 2504 454 2580 κατὰ
471 2511 578 2580 ταῦτα
596 2505 637 2579 τὰ
654 2509 775 2606 χωρία.

226 2632 287 2695 129
371 2621 468 2700 Μετὰ
493 2624 531 2698 δὲ
555 2631 671 2698 τοῦτον
700 2625 896 2726 βασιλεῦσαι
916 2623 1083 2724 Αίγύπτου
1101 2622 1288 2726 Μυκερῖνον
1315 2625 1435 2727 ἔλεγον
1564 2608 1565 2621 ³

293 2744 428 2827 Χέοπος
445 2745 569 2820 παῖδα·
595 2747 645 2842 τῷ
666 2746 707 2818 τὰ
734 2743 794 2839 μὲν
817 2751 878 2819 τοῦ
902 2749 1028 2844 πατρός
1046 2745 1129 2845 ἔργα
1146 2744 1296 2827 ἀπαδεῖν,
1317 2751 1377 2820 τόν
1397 2746 1434 2822 δὲ
1452 2765 1483 2814 τυ

292 2865 333 2938 τό
359 2891 396 2938 τε
421 2863 474 2966 ίρὰ
503 2861 629 2944 ἀνοῖξαι
655 2867 710 2938 καὶ
733 2866 789 2937 τόν
818 2863 904 2940 λειίνν
931 2866 1131 2964 τετρυμένον
1157 2865 1193 2948 ές
1219 2868 1257 2938 τό
1282 2864 1433 2963 ἔσχατον

293 2990 395 3058 κακοῦ
414 2982 540 3058 ἀνεῖναι
562 2985 647 3082 πρὸς
664 2983 745 3082 ἔργα
763 3009 801 3056 τε
818 2986 873 3056 καί
890 2985 1019 3068 θυσίας,
1047 2986 1140 3067 δίκας
1163 2985 1202 3058 δέ
1219 3011 1278 3082 αιρι
1295 2984 1433 3059 πάντων

292 3103 460 3205 βασιλέων
479 3102 689 3185 δικαιοτάτας
707 3107 839 3201 κρίνειν.
885 3103 969 3178 κατὰ
986 3109 1086 3178 τοῦτο
1107 3105 1169 3201 μέν
1191 3129 1248 3177 νυν
1275 3108 1314 3177 τό
1331 3103 1433 3205 ἔργον

445 3357 502 3430 ιιτρλ
514 3355 649 3430 Χερρῆνος
664 3357 789 3482 Quum<
807 3358 852 3414 καί
867 3365 915 3429 τῆς
934 3355 975 3412 ὑπ’
986 3357 1065 3412 αὐτοῦ
1082 3357 1329 3442 κατρτιιακαοθείσης
1346 3377 1433 3432 πυρα·

395 3426 468 3498 μίδος
597 3425 654 3498 περί
695 3425 811 3500 οκερίνου
824 3427 948 3500 βασιλέως
966 3427 1010 3481 καλ
1028 3433 1076 3497 της
1090 3446 1138 3481 κατ
1157 3426 1233 3483 αὐτόν
1245 3427 1375 3488 πολιτείας
1387 3429 1431 3484 καὶ

394 3502 440 3550 τοῦ
450 3497 534 3570 τάφου
545 3499 593 3568 τῆς
605 3494 729 3571 θυγατρός

395 3759 418 3810 8.
440 3754 562 3812 Βείιίιειῖ
575 3755 679 3812 Αιιεοιί.
693 3773 720 3827 p.
735 3757 768 3808 89
863 3753 867 3760 ’

345 3933 367 3984 ί.
386 3930 533 4003 χεβρῖναΙί
567 3931 578 3994 11
614 3931 638 3981 ί.
659 3927 756 4000 ὑπέστη
769 3928 799 3982 R
832 3931 844 3994 ίΙ
879 3931 904 3981 6.
924 3928 992 3982 ίοτίν
1004 3927 1121 4052 έτίρηΙί
1152 3932 1164 3995 n
1195 3928 1428 4005 διοικοδομημίνου

292 4000 374 4054 effla
408 4003 419 4064 ΙΙ
455 4001 479 4052 7,
499 4016 556 4070 περι
599 4015 621 4051 ιν
633 4001 696 4063 ΑΒ,
710 3997 877 4068 περιρρέτιῙί
907 4000 919 4064 ΙΙ
953 3997 1055 4052 κεῖσθαι
1126 4000 1138 4063 [ί
1173 3999 1197 4049 8.
1218 3997 1386 4066 θποδῖμαςῙί
1419 3999 1428 4057 ί.

289 4071 315 4122 9.
334 4069 521 4139 τεσσαράκοντα
546 4067 617 4150 „leda
655 4069 667 4136 ίΙ
710 4069 749 4120 10.
770 4066 925 4139 οίκοδόμηυι
939 4067 977 4121 Η.
991 4065 1163 4138 Stephanum
1183 4066 1324 4137 οίκοδομῆς
1357 4069 1369 4133 Ι
1404 4067 1426 4120 δ’

289 4189 338 4242 ιιι
376 4191 387 4254 ιι
430 4154 643 4260 ιιχιβρζμιιι
677 4190 688 4252 ιι
728 4189 768 4240 ιι.
789 4187 884 4258 ομιτ
916 4189 929 4252 ιι
963 4189 1004 4240 15.
1024 4185 1244 4258 ατιαηωνιιιι
1258 4188 1327 4241 paz:
1346 4207 1427 4242 ατε-

288 4256 433 4328 κλησθίντα
447 4257 484 4322 R,
497 4255 701 4328 κατατληῖθέντα
716 4253 1040 4323 0,νιστακλεισθέντοιΑΒ
1068 4259 1080 4322 ΙΙ
1112 4257 1151 4309 16.
1235 4259 1260 4322 α]
1274 4256 1352 4320 καθὰ,
1367 4257 1396 4312 Ιί
1419 4259 1428 4316 {¹

291 4329 331 4379 17.
352 4325 459 4398 ριλίτιος
471 4327 539 4380 AB:
581 4324 684 4384 ιλοίτιος
696 4327 735 4391 R,
755 4325 892 4397 φιλιτίονοτ
907 4325 937 4391 0,
952 4325 1098 4397 φιλιτίονος
1111 4325 1167 4380 sz
1262 4327 1300 4378 19.
1321 4331 1427 4396 μοικρῖν

287 4396 351 4534 ρήγ
381 4396 424 4447 νο.
444 4394 533 4450 ιπιοῑν
604 4397 616 4462 ιι
646 4396 688 4448 ιι.
708 4394 976 4462 mmmm
1003 4397 1015 4460 ιι
1044 4393 1222 4457 κτίστου
1248 4397 1261 4462 ι
1292 4396 1333 4447 νο.
1354 4394 1427 4468 μοι·

324 4481 384 4517 em
