3175 5092
672 359 818 416 Pmlstio.
1257 379 1316 424 uu

178 539 236 608 σύν
255 537 291 606 A
312 535 381 607 43:
409 559 477 608 nec
494 539 611 632 magis
632 537 747 634 μικράς
764 535 827 608 hic
844 534 925 608 illic
949 560 1016 629 pro
1034 537 1172 632 σρικρύς
1190 536 1317 608 decur-

178 673 297 735 tatum
328 663 439 757 idque
469 666 631 737 maxime
662 674 746 758 poet
775 687 882 737 voces
911 689 931 735 σ
959 662 1068 736 litera
1091 663 1314 736 terminatas.

179 793 242 863 sed
256 786 410 870 Μίκυθος
426 787 457 860 Η
477 792 547 864 176
568 793 735 886 quamvis
752 795 800 864 ab
818 792 945 864 eadem
964 792 1078 885 stirpe
1096 792 1315 884 productum

178 943 253 990 non
279 919 354 990 iam
378 916 522 992 infesto.
575 917 750 1020 συμβουλή
775 921 812 990 Α
835 920 917 992 167.
938 917 965 990 Γ
988 921 1021 1005 1,
1050 918 1212 991 crebrius
1229 943 1315 1012 σορ-

179 1045 311 1146 βοολίη,
339 1071 563 1142 quamquam
581 1049 650 1118 hoc
667 1047 784 1141 magia
802 1045 946 1140 placuit
962 1047 1153 1120 correctori
1175 1048 1208 1118 0
1229 1046 1314 1140 (vid.

181 1172 207 1244 Γ
231 1175 276 1266 1),
295 1171 390 1246 illud
410 1175 484 1247 PR
501 1172 711 1269 praeferunt
729 1173 815 1269 (vid.
831 1172 863 1246 H
881 1176 939 1246 15.
959 1176 1042 1247 115.
1061 1172 1089 1245 θ
1113 1175 1194 1245 161.
1220 1172 1315 1268 103).

179 1301 286 1374 nullo
304 1305 351 1374 ad
369 1327 516 1376 sensum
534 1303 745 1376 discrimine
762 1301 937 1396 leguntur
953 1299 1121 1399 ἀδυναμίη
1141 1298 1167 1372 Θ
1190 1302 1258 1373 111
1280 1310 1319 1374 et

180 1427 343 1528 ἀδονασίη
370 1428 397 1502 Γ
418 1432 475 1503 79.
504 1427 649 1503 Η172ε
679 1430 806 1524 μαζούς
828 1429 860 1500 Β
886 1431 946 1502 85.
972 1426 1001 1498 Δ
1026 1431 1112 1502 262.
1147 1426 1255 1501 1112
1279 1438 1319 1501 et

181 1562 311 1650 μαστοῦ
330 1555 357 1628 Γ
375 1558 458 1644 133,
473 1564 609 1650 μαστῶν
626 1555 655 1630 E
673 1559 730 1630 18.
764 1554 875 1656 ριψίύ
891 1559 951 1645 71,
970 1555 1174 1656 piretune,
1188 1579 1316 1630 verum

179 1684 275 1758 illud
300 1711 324 1757 a
347 1686 384 1758 R
408 1696 611 1760 correctum
647 1709 714 1780 pro
744 1683 925 1758 tralaticio
950 1685 1051 1782 ρίψιῐ,
1087 1686 1186 1778 quod
1213 1685 1317 1756 haud

179 1815 284 1907 peius
310 1814 480 1888 emendes
506 1815 626 1912 ρίπισι.
671 1815 772 1886 idem
796 1811 860 1886 ille
882 1813 1006 1886 nescio
1030 1837 1078 1884 an
1098 1821 1196 1884 recte
1221 1809 1249 1882 Δ
1269 1815 1317 1886 76

179 1940 369 2036 expulerit
386 1939 480 2014 ἔύοοι
496 1943 608 2016 nimis
626 1966 714 2015 sane
732 1944 917 2014 desertum
934 1941 975 2012 in
993 1947 1097 2012 tanta
1113 1940 1213 2012 vocis
1229 1938 1317 2038 ἦθος

178 2069 398 2165 frequentia.
452 2067 636 2166 στεφάνους
661 2069 687 2140 Ζ
711 2071 779 2155 69,
807 2065 902 2144 826
926 2066 1114 2165 στέφανον,
1138 2065 1222 2139 ate
1245 2069 1316 2140 118

179 2197 311 2298 χρυσέῃ
333 2195 495 2295 στεφάνῃ.
541 2192 569 2266 Δ
592 2197 662 2270 183
688 2197 834 2296 σαύρους
854 2195 938 2290 plus
959 2169 1074 2268 habet
1096 2196 1185 2268 fidei
1207 2219 1317 2290 quam

180 2327 324 2424 σαύρας,
356 2335 396 2401 at
425 2321 552 2420 6192
584 2325 664 2423 τῇσι
688 2325 835 2423 σαύρῃσι
865 2324 1030 2396 οτοοίοτο
1061 2331 1205 2397 constat
1232 2323 1317 2396 fide.

180 2455 283 2550 φόνος
302 2451 333 2524 Η
356 2455 448 2539 176,
474 2455 575 2550 φόνον
600 2449 614 2524 l
637 2453 703 2538 17,
731 2461 770 2524 et
789 2455 869 2551 τῇσι
886 2451 1011 2550 φονῇσι
1034 2447 1129 2524 176.
1175 2460 1319 2546 praeter

180 2579 349 2680 ἡτάφρος
373 2603 444 2654 usu
467 2577 637 2675 frequens
663 2579 797 2678 τάφρης
818 2578 846 2650 o
865 2580 915 2653 28
939 2587 1168 2653 commentus
1192 2589 1248 2652 est
1269 2580 1318 2665 R,

181 2711 243 2783 sed
260 2707 393 2808 τάφρην
411 2705 440 2780 Δ
458 2710 528 2782 261
551 2718 589 2781 et
605 2707 680 2780 ΑΒ
697 2715 881 2780 testentur
901 2718 951 2795 et,
976 2710 1075 2803 quod
1098 2709 1212 2781 etiam
1234 2706 1319 2802 plus

182 2837 297 2924 valet,
335 2835 483 2910 lexicon
511 2837 737 2910 rhetoricum
768 2838 867 2931 quod
897 2838 1094 2931 exscripsit
1117 2837 1248 2910 Suidas
1270 2836 1319 2941 'in

180 2967 307 3064 τάφρος
332 2966 373 3038 in
402 2966 531 3038 ceteris
562 2967 734 3038 mendose
765 2963 825 3036 vel
852 2966 1089 3038 mendosum:
1127 2967 1183 3035 καὶ
1204 2963 1316 3061 τάφρη

180 3079 259 3190 παρ’
277 3079 459 3190 Ἧροδύτιρ
476 3091 641 3190 θηλυκόν·
662 3089 837 3191 ὀρύξαντας
852 3089 984 3190 τάφρην
995 3089 1117 3190 εύρύην
1133 3089 1317 3162 ἐπέτεινον.

181 3220 296 3314 igitur
319 3243 368 3294 ne
394 3218 537 3318 ψάμμης
570 3221 719 3315 quidem
743 3217 771 3290 Δ
802 3221 868 3292 181
904 3228 1053 3314 propter
1082 3217 1319 3292 solitudinem

181 3349 507 3422 condemnandum.
548 3347 644 3446 πάθη
665 3374 707 3420 ac
722 3346 844 3429 πάθος,
863 3345 973 3420 πάθοι
990 3373 1034 3420 sc
1049 3345 1163 3418 πάθεα
1178 3347 1317 3442 pariter

180 3473 471 3571 frequentantia.
517 3473 646 3574 ύνιιρος
669 3479 705 3548 Α
732 3476 780 3548 34
808 3473 1011 3548 masculino
1034 3499 1187 3571 genere,
1212 3477 1250 3546 A
1267 3474 1317 3547 39

183 3611 324 3692 neutro,
343 3605 501 3676 crebrior
517 3605 646 3677 eadem
664 3603 818 3678 variatio
838 3614 878 3677 et
896 3605 1002 3698 qussi
1020 3603 1118 3678 vices
1134 3601 1320 3675 alternans

184 3729 213 3802 H
238 3733 398 3804 14-18.
444 3729 574 3803 στάδιοι
591 3741 629 3804 et
646 3729 774 3814 στάδια,
802 3756 897 3826 quae
919 3734 1026 3806 docet
1049 3732 1091 3803 in
1111 3731 1238 3804 Photii
1255 3757 1320 3802 ex-

182 3861 314 3954 cerptis
336 3857 469 3932 Aelius
493 3859 694 3956 Dionysius
720 3858 829 3932 iuxta
851 3857 965 3933 fuisse
988 3859 1031 3934 in
1053 3883 1144 3947 usu,
1173 3859 1322 3954 Thucy-

183 3989 304 4062 didem
335 3995 460 4060 autem
495 3993 641 4082 praeter
677 4011 793 4064 unum
831 3985 956 4060 locum
992 3986 1133 4082 ubique
1167 3986 1321 4063 σταδίοις

182 4117 381 4212 scripsisse,
406 4115 615 4188 Herodotus
639 4115 721 4209 pari
746 4116 881 4188 habuit
897 4115 988 4190 loco.
1032 4115 1144 4188 venio
1167 4115 1215 4185 ad
1239 4137 1320 4186 earn

184 4245 327 4339 generis
346 4243 594 4316 diversitatem
612 4267 707 4338 quae
725 4241 879 4316 articulo
896 4254 935 4317 et
951 4244 1099 4340 syntaxi
1123 4243 1317 4334 indicatur.

185 4374 220 4444 A
239 4374 286 4446 92
305 4375 374 4442 τῶν
393 4373 509 4442 κιόνων
529 4372 564 4442 αἱ
580 4369 720 4452 πολλαί,
750 4368 776 4440 ll
801 4371 870 4444 184
895 4372 953 4441 τὸν
973 4374 1067 4442 κίονα
1084 4374 1144 4440 τοῦ
1162 4367 1317 4467 ούρανοῦ.

184 4525 249 4575 uec
267 4501 574 4594 obtemperassem
591 4499 787 4597 corrigenti
801 4500 839 4569 R
851 4498 1012 4592 μεδίμνου
1025 4485 1183 4568 Ἀττικοῦ
1196 4499 1233 4568 Α
1247 4497 1316 4568 192
