3175 5092
667 329 814 386 Praelatio.
1204 349 1312 394 xxm

173 508 388 608 φθείρεσθαι]
414 507 633 606 διαφθείρειν,
664 501 694 578 Α
721 507 768 580 35
797 506 833 578 ἐν
856 505 1036 603 ἡμετέρου]
1062 505 1098 578 έν
1122 503 1311 604 ἡμετέροις,

175 635 202 708 l*
223 637 269 709 14
296 638 375 716 τούς
392 660 429 708 τε
450 677 495 690 -
516 634 727 729 δεδεμένους]
749 633 828 714 τοὺς
854 630 891 704 δὲ
914 675 965 690 --
989 632 1186 727 δεδεμένους
1215 634 1309 731 ἦγον,

179 766 249 836 117
269 764 306 844 ἐς
323 769 421 836 τούτο
439 763 622 861 φερούσας]
647 761 682 845 ές
705 764 845 842 τούτους
861 762 1067 860 φορεούσας,
1095 758 1123 832 Δ
1142 761 1190 833 33
1209 761 1310 857 ἐχού-

173 891 250 987 σας]
266 891 423 974 δυούσας,
452 886 482 960 Ε
505 892 571 963 111
596 888 763 984 ἵστασθαι]
781 886 1049 970 ἀντιτάσσεσθαι,
1081 885 1108 958 θ
1130 890 1201 961 112
1226 891 1312 960 τοῖσι

174 1021 229 1090 οιαὶ
246 1021 331 1117 πρὸς
349 1017 503 1118 βασιλέα]
527 1017 655 1115 λύγοισι
681 1019 768 1090 τοῖσι
790 1020 844 1089 rol
867 1017 952 1115 πρδς
972 1003 1155 1114 Ἀνδρίους.
1200 1024 1311 1110 atque

174 1147 213 1217 in
239 1147 298 1218 his
323 1169 497 1240 expressa
520 1153 652 1218 extant
682 1145 839 1239 vestigia
863 1144 1114 1229 correctionis,
1147 1169 1241 1239 quae
1270 1145 1311 1216 in

174 1275 256 1348 aliis
274 1276 376 1346 haud
394 1275 521 1369 paucis
539 1298 692 1346 numero
709 1272 930 1368 suspicionis
949 1271 1035 1367 plns
1054 1297 1164 1367 quam
1182 1273 1310 1346 indicii

173 1417 211 1477 et
228 1402 437 1498 argumenti
454 1403 584 1476 habet:
605 1403 700 1475 illud
718 1409 815 1475 certa
833 1402 984 1495 quidem
1001 1412 1156 1488 constat,
1171 1403 1310 1496 ubique

173 1555 251 1606 esse
278 1533 449 1604 cautione
475 1553 565 1626 opus
591 1531 801 1625 iudicioque
828 1529 988 1605 msdtum
1010 1537 1049 1604 et
1067 1531 1252 1604 subtiliter
1268 1532 1307 1602 in

172 1660 384 1756 cognitione
421 1684 464 1732 aa
500 1657 747 1732 familiaritate
785 1660 900 1730 huius
938 1659 1123 1752 scriptoris
1154 1670 1307 1732 versato.

172 1791 270 1884 quod
293 1790 327 1861 si
345 1797 533 1882 praeterea
549 1796 745 1860 occurrunt
763 1812 857 1881 quae
882 1789 929 1859 ad
950 1809 1098 1860 sensum
1115 1789 1310 1860 sermonis-

172 1943 243 2012 que
261 1919 340 1990 sive
358 1917 577 2012 elegantiam
595 1916 672 1988 sive
690 1916 932 1988 constantiam
957 1916 1011 1990 nil
1034 1939 1179 2010 prorsus
1196 1918 1310 1988 inter-

170 2071 248 2118 esse
266 2045 433 2120 videatur
450 2019 627 2118 utram'in
646 2053 788 2139 partem
806 2045 994 2127 diiudioes,
1014 2046 1055 2117 in
1073 2044 1133 2116 liis
1149 2047 1311 2118 maxime

170 2173 426 2248 collocationes
441 2175 647 2260 verborum,
661 2173 867 2269 Archetypi
883 2174 1097 2247 memoriam
1114 2198 1158 2246 eo
1175 2199 1309 2269 genere

171 2303 337 2376 codicum
354 2301 501 2376 fidelius
525 2302 791 2397 repraesentari
811 2302 1088 2390 arbitrabimur,
1115 2305 1213 2398 quod
1228 2304 1309 2378 lon·-

170 2433 253 2528 gius
272 2434 320 2506 ab
338 2431 631 2526 interpolationis
650 2431 858 2524 suspicione
876 2433 1002 2505 abesse
1021 2432 1231 2504 viderimus.

272 2561 329 2633 Eo
347 2560 446 2632 enim
464 2583 644 2632 summam
662 2561 783 2632 omnis
808 2559 922 2632 huius
947 2561 993 2633 de
1017 2561 1222 2634 rationibus
1247 2587 1308 2639 eo-

169 2691 293 2762 dioum
333 2689 558 2783 quaestionis
599 2697 762 2784 spectare
793 2687 994 2772 voluimus,
1027 2698 1071 2762 ut
1101 2690 1307 2786 Archetypi

169 2820 289 2913 ipsius
308 2841 418 2911 quam
436 2817 549 2890 etiam
566 2841 667 2890 nunc
683 2817 763 2890 fieri
781 2826 906 2911 posset
923 2817 1198 2913 integerrimum
1213 2820 1307 2892 reci-

169 2971 378 3040 peraremus
397 2946 619 3041 exemplum.
665 2945 770 3018 cuius
795 2945 908 3018 etiam
932 2954 1123 3019 externam
1147 2949 1307 3042 speciem

169 3084 280 3170 atque
300 3098 445 3148 omnem
463 3075 744 3169 desciptionem
769 3073 1001 3168 aliquatenus
1027 3084 1122 3148 certe
1147 3101 1195 3148 ex
1217 3102 1307 3171 apo-

168 3202 392 3310 graphorum
410 3203 585 3278 varietate
603 3203 841 3297 probabiliter
865 3227 934 3275 nec
958 3203 1140 3277 inutiliter
1163 3206 1306 3278 recolli-

167 3357 306 3427 gamus.
359 3340 398 3404 et
428 3332 540 3404 totius
571 3333 690 3426 operis
715 3331 910 3427 inscriptio
930 3357 979 3406 ne
1002 3334 1044 3406 in
1068 3333 1133 3405 illo
1157 3335 1305 3428 quidem

169 3457 390 3556 superfuisse
421 3461 581 3547 videtur,
618 3459 650 3531 si
682 3463 790 3533 modo
827 3460 905 3534 ulla
940 3485 1105 3557 unquam
1133 3459 1205 3537 fuit
1235 3489 1304 3538 nec

169 3591 291 3684 potius
310 3613 394 3662 cum
413 3588 696 3684 praescriptione
714 3590 942 3685 singulorum
959 3590 1136 3664 librorum
1154 3591 1305 3666 confina

169 3719 268 3791 huno
293 3719 333 3790 in
358 3720 526 3790 modum:
569 3713 807 3790 ΗΡΟΔΟΤΟΥ
834 3716 1043 3792 ΙΣΤΟΡΙΩΝ
1072 3716 1113 3792 Α.
1147 3717 1300 3806 ΚΛΕΙΩ,
1430 3783 1433 3788 .

168 3857 204 3919 et
232 3846 518 3941 subscriptione:
560 3841 797 3918 ΗΡΟΔΟΤΟΥ
827 3843 1036 3920 ΙΣΤΟΡΙΩΝ
1067 3843 1109 3920 Α.
1141 3875 1227 3922 nam
1257 3853 1303 3924 de

168 3977 246 4070 ipso
264 3976 374 4048 titulo
393 3975 640 4050 Historiarum
657 3998 733 4050 non
750 3977 908 4050 debebat
932 3987 1017 4071 post
1040 3986 1096 4050 tot
1113 3987 1302 4052 auctorum

169 4105 393 4191 testimonia,
428 4127 522 4198 quae
554 4103 731 4199 collegere
756 4103 1083 4200 Schweighaeuser
1111 4107 1302 4203 acl-Baebr

169 4232 362 4329 pleraque,
407 4255 483 4304 non
521 4233 663 4319 omnia,
707 4235 906 4328 quicquam
942 4257 1020 4306 esse
1050 4235 1298 4312 dubitationis.

170 4387 390 4459 quamquam
404 4381 523 4455 nuper
537 4363 732 4434 admodum
744 4359 827 4444 fuit,
838 4363 914 4456 qui,
922 4371 1046 4456 spreta
1058 4371 1099 4435 et
1110 4374 1299 4439 auctorum

168 4503 203 4564 et
219 4493 386 4567 codicum
405 4490 619 4562 auctoritate
637 4490 825 4585 nimiaque
841 4491 900 4563 sui
911 4491 1051 4587 ingenii
1063 4494 1299 4568 admiratione
