3175 5092
275 359 382 408 xxxv1
775 339 921 397 marnoa

277 529 332 592 est
349 520 504 591 dubium
523 519 614 611 quin
633 517 789 590 subsidii
809 516 891 588 loco
908 515 1031 590 fuerit.
1077 517 1141 590 sed
1158 515 1227 588 illa
1243 517 1416 613 exempla

278 648 366 743 quia
390 671 455 742 per
480 646 617 719 librum
645 646 805 740 primurn
830 655 869 719 et
895 654 1038 740 partem
1068 647 1219 719 secundi
1250 647 1415 720 eiusdem

275 773 351 850 fere
369 775 516 872 generis
535 776 695 868 speciem
712 772 931 861 referebant,
957 776 1057 870 quod
1080 775 1121 846 in
1138 775 1213 847 PR
1234 777 1414 848 contineri

277 905 446 991 vidimua
465 904 551 977 inde
565 903 631 976 aB
649 903 720 976 134
740 913 864 976 autem
882 901 909 975 d
924 904 1001 975 sive
1019 905 1040 977 b
1058 905 1104 976 ad
1122 903 1279 976 alterum
1296 929 1414 1000 genus

275 1033 432 1118 transiit,
441 1031 574 1105 accidit
588 1041 630 1104 ut
640 1033 804 1105 recensio
812 1030 963 1118 Aldina,
976 1031 1052 1105 sive
1067 1033 1414 1106 contaminationem

274 1162 393 1235 dicere
418 1161 547 1246 mavis,
573 1159 681 1233 initio
698 1158 774 1234 fere
799 1184 875 1233 non
892 1162 1085 1233 excederet
1103 1161 1254 1234 alterius
1269 1163 1414 1256 generis

275 1263 461 1376 terminos,
475 1313 562 1360 mox
580 1290 736 1360 duorum
749 1286 989 1362 confunderet
1001 1314 1044 1361 ac
1059 1291 1229 1363 misceret
1240 1291 1411 1384 speciem.

274 1443 361 1490 nam
393 1418 492 1514 quod
523 1416 588 1489 ille
620 1418 660 1489 in
692 1417 851 1511 epistola
881 1419 927 1490 ad
958 1419 1133 1492 Ioannem
1167 1418 1413 1514 Calpurnium

275 1547 495 1619 Brixianam
520 1548 617 1632 data,
645 1571 719 1640 qua
742 1544 928 1640 praefatus
952 1557 1008 1619 est
1032 1547 1200 1634 editioni,
1227 1549 1413 1642 praedicat
1523 1543 1532 1556 '

267 1669 405 1748 ‘musas
424 1674 604 1748 Herodoti
628 1675 743 1746 malus
766 1675 1013 1770 complacatus
1036 1679 1224 1770 coapata
1249 1701 1297 1747 ex
1315 1678 1412 1748 Aca-

274 1805 395 1876 demia
414 1827 481 1875 sua
493 1796 640 1889 emitti,
660 1803 817 1875 nimium
831 1804 1032 1897 praedicat:
1052 1801 1121 1876 illa
1133 1829 1219 1877 vero
1234 1829 1301 1876 suo
1319 1805 1411 1891 iure,

268 1925 363 2003 ‘aum
383 1931 457 2004 cto
475 1930 629 2003 amadat
651 1957 674 2002 a
697 1934 840 2004 cacteris
864 1933 1059 2027 pectuscum
1082 1933 1282 2005 coamlr'mas
1297 1956 1412 2005 ecem-

270 2061 351 2156 plar
376 2070 540 2145 mat-am,
567 2059 677 2132 decem
694 2083 804 2156 prope
828 2061 966 2147 chartis,
992 2085 1079 2156 qaae
1103 2073 1138 2132 et
1158 2065 1195 2132 ia
1218 2086 1260 2134 ca
1276 2061 1410 2148 demat,

272 2213 359 2284 patae
394 2213 417 2260 a
447 2189 638 2260 Laurentio
675 2187 778 2260 Valla
817 2189 946 2260 dolata
981 2183 1149 2262 hadetur‘.
1222 2190 1411 2286 supplevit

272 2319 372 2390 enim
390 2343 411 2390 e
428 2339 469 2412 q,
496 2341 590 2411 quae
614 2316 654 2387 in
671 2318 710 2390 os
727 2317 815 2389 inde
840 2320 886 2390 ab
904 2320 942 2390 A
959 2319 1008 2390 92
1027 2319 1161 2391 omissa
1178 2317 1300 2406 Valla,
1325 2342 1411 2390 cum

273 2448 462 2518 decurtato
480 2447 552 2516 hoc
570 2469 704 2540 genere
723 2445 994 2539 exemplarium
1012 2455 1186 2532 uteretur,
1209 2471 1257 2520 ne
1275 2471 1410 2541 cogno-

272 2583 329 2646 rat
345 2575 504 2669 quidem.
546 2576 609 2646 sed
633 2575 678 2646 de
697 2572 831 2646 Vallae
853 2575 1020 2648 versione
1041 2574 1160 2646 latina
1183 2574 1312 2649 inutili
1334 2576 1409 2647 iarn

272 2705 413 2777 adrem
431 2703 595 2776 criticam
613 2701 711 2774 nihil
736 2711 925 2797 praeterea
950 2705 1092 2790 addam,
1118 2703 1164 2776 de
1182 2703 1323 2776 Aldina
1338 2705 1410 2776 hoc

271 2855 400 2918 unum,
425 2831 606 2927 quidquid
623 2831 663 2903 in
682 2856 727 2903 ea
743 2840 887 2926 praeter
904 2832 1016 2905 trium
1034 2833 1200 2904 codicum
1217 2833 1328 2906 fidem
1344 2857 1410 2906 ex—

269 2961 455 3047 hibeatur,
480 2961 519 3032 id
544 2985 652 3033 omne
677 2983 755 3033 esse
781 2969 846 3032 aut
870 2970 1073 3033 correctum
1095 2965 1142 3035 ab
1161 2962 1260 3035 Aldo
1284 2961 1408 3035 eiusve

271 3089 398 3162 amicis
417 3097 482 3161 aut
500 3097 659 3161 erratum
678 3091 725 3161 ab
743 3089 876 3184 operis.
925 3097 1038 3183 atque
1062 3116 1110 3163 ex
1135 3115 1256 3164 errore
1277 3099 1406 3162 natum

270 3225 325 3291 est
356 3219 455 3311 quod
483 3220 520 3289 A
553 3220 601 3290 97
633 3215 794 3290 κάλλιστα
825 3216 961 3312 legitur
991 3242 1058 3311 pro
1090 3219 1246 3312 μάλιστα,
1279 3245 1300 3292 e
1331 3243 1409 3291 cor·

269 3347 432 3418 rectione
458 3347 494 3416 A
513 3344 680 3442 sotvffi
704 3368 770 3439 pro
796 3344 832 3416 ἐν
850 3347 906 3444 τῇ,
933 3347 966 3416 Β
988 3347 1058 3419 172
1078 3343 1321 3445 εὐγνωμοσύνῃ
1340 3371 1407 3442 pro

269 3469 512 3570 ἀγνωμοσύνῃ,
554 3473 615 3570 ἦεν
646 3496 712 3567 pro
743 3473 805 3571 ἦνε
842 3497 937 3566 quae
969 3483 1092 3546 tamen
1123 3475 1248 3547 omnia
1278 3475 1331 3546 ita
1363 3485 1407 3548 ut

267 3600 416 3695 legebat
445 3601 486 3672 in
516 3598 658 3672 Aldina
687 3601 879 3694 descripsit
916 3599 1054 3674 fraudis
1086 3601 1183 3674 nihil
1214 3604 1406 3698 suspicans

266 3729 346 3822 ipse
367 3726 505 3801 fraudis
531 3728 760 3801 machinator
784 3729 1125 3823 impudentissimus
1152 3732 1321 3825 idemque
1347 3731 1406 3803 in·

266 3857 489 3951 cptissimus‚
515 3857 547 3929 is
566 3857 631 3951 qui
646 3855 895 3952 fragmentum
914 3856 1010 3930 illud
1033 3860 1111 3958 περὶ
1128 3859 1294 3956 εὐγενείας
1318 3883 1405 3931 con-

266 3985 378 4057 finxit
396 3985 585 4079 doctisque
602 3986 782 4079 imposuit
799 3994 977 4081 tanquam
994 3985 1267 4074 Plutarcheum,
1288 3989 1404 4062 donec

267 4135 386 4208 nuper
403 4115 599 4186 admodum
624 4113 828 4188 vindicavit
849 4115 1034 4209 flagitium
1054 4116 1210 4188 Iacobus
1228 4116 1400 4211 Bernays.

266 4244 329 4315 sed
345 4243 443 4314 inter
460 4267 612 4337 eaquae
626 4241 747 4315 Aldus
765 4243 924 4329 novavit,
943 4267 1012 4316 nec
1025 4267 1144 4338 pauca
1156 4268 1224 4315 nec
1236 4242 1336 4316 levia
1348 4252 1404 4315 at-

266 4393 337 4466 que
353 4369 443 4442 adeo
458 4368 569 4464 plane
584 4371 841 4444 commenticia
852 4371 907 4466 (ut
917 4369 943 4443 Δ
955 4371 1038 4444 126.
1057 4367 1200 4466 Ham),
1216 4371 1402 4465 inprimis

265 4500 441 4572 damnosa
458 4497 610 4572 fuerunt
629 4501 764 4598 quibus
782 4499 980 4571 dialectum
998 4501 1045 4570 ad
1064 4495 1212 4572 ionismi
1225 4499 1402 4572 nimirum
