3175 5092
653 337 800 392 Praefatio.
1262 355 1300 400 χχ

165 513 302 609 species
335 513 435 586 omni
469 535 586 606 paene
615 509 790 586 foeditate
816 513 1034 584 mendorum
1064 512 1300 604 sordiumque

164 650 328 737 purgata.
376 642 517 736 primus
534 641 624 714 hinc
642 649 831 734 excerptas
849 665 872 712 a
887 641 1041 714 Menoto
1063 647 1102 712 et
1120 640 1301 712 Geinonio

163 771 339 844 lectiones
355 771 528 844 adhibuit
546 768 775 864 wesseling,
803 771 867 842 sed
892 770 993 862 turpi
1015 768 1302 841 describentium

163 901 240 974 sive
271 923 390 972 errore
420 899 499 972 sive
529 898 693 972 socordia
722 923 807 970 cum
836 900 980 971 duobus
1010 894 1094 969 aliis
1122 895 1301 969 Parisinis

163 1027 273 1124 longe
299 1028 542 1100 deterioribus
573 1023 649 1099 fere
680 1025 858 1100 confusas.
920 1035 1005 1121 post
1029 1023 1113 1097 illos
1136 1025 1199 1097 hic
1224 1025 1302 1098 illic

163 1157 328 1252 inspexit
345 1156 519 1242 Larcher,
544 1153 701 1228 contulit
725 1163 849 1228 autem
865 1179 1042 1228 unacum
1060 1153 1213 1247 reliquis
1230 1153 1301 1226 Pa-

164 1285 288 1358 risinis
306 1285 478 1358 omnibus
495 1284 536 1358 in
553 1307 661 1356 usum
672 1283 1012 1378 Schweighaeuseri
1025 1284 1136 1355 homo
1149 1307 1302 1378 graecus

163 1413 391 1509 Georgiades
426 1409 762 1484 Thessalonicensis
802 1412 978 1484 mediocri
1017 1435 1085 1506 pro
1120 1411 1301 1506 dignitate

165 1541 251 1616 libri
277 1543 350 1614 fide
372 1548 409 1614 et
431 1540 655 1614 assiduitate.
709 1565 775 1636 ego
800 1565 886 1614 cum
909 1549 1028 1612 totum
1052 1547 1302 1614 retractassem

165 1696 196 1742 a.
221 1671 334 1756 1862,
353 1670 385 1742 si
404 1693 477 1764 qua
494 1676 620 1762 postea
636 1669 677 1741 in
696 1669 965 1744 dubitationem
982 1677 1174 1755 venerumt,
1192 1693 1303 1762 opera

164 1797 329 1872 officiosa
352 1822 436 1870 cum
454 1795 604 1870 Rndolfi
621 1797 880 1894 Sonnenburgi
903 1807 983 1872 tum
1000 1797 1161 1870 maxime
1179 1795 1302 1870 Caroli

100 1999 106 2008 ,
164 1927 359 2002 Wescheri
389 1923 529 2001 fuctum
558 1924 676 1998 laetor
704 1935 747 2000 ut
778 1926 824 1998 de
854 1926 1031 1999 memoria
1060 1926 1195 1998 codicis
1226 1926 1301 1998 iam

164 2054 276 2150 plane
293 2063 458 2128 constare
475 2054 653 2130 videatur.

270 2185 304 2256 5.
332 2183 370 2257 R
417 2183 606 2256 Romanus
638 2181 885 2256 bibliothecae
915 2183 1117 2256 Vaticanae
1149 2206 1302 2254 numero

169 2311 254 2400 123,
287 2305 404 2384 forma
428 2321 565 2398 octava,
591 2311 845 2407 bombycinus,
862 2308 1037 2384 foliorum
1055 2312 1142 2398 336,
1165 2309 1301 2384 saeculi

164 2437 274 2528 XIV,
298 2437 552 2514 miscellaneae
579 2435 686 2536 (conf.
706 2437 903 2534 Emperius
921 2442 969 2512 ad
985 2441 1096 2512 Dion.
1114 2440 1299 2538 Chrysost.

165 2595 200 2666 p.
225 2567 325 2664 791).
378 2569 506 2642 insunt
530 2569 632 2642 haec.
683 2569 817 2642 Dionis
835 2565 999 2667 Διογένης
1020 2567 1044 2666 ἡ
1067 2570 1144 2666 περὶ
1166 2564 1299 2668 ἀρετῆς,

166 2698 333 2771 eiusdem
351 2693 514 2794 Διογένης
538 2695 562 2794 ἢ
587 2699 665 2796 περὶ
686 2697 879 2796 τυραννίδος
904 2677 977 2792 (fol.
1002 2695 1124 2794 1-8),
1151 2704 1188 2769 et
1210 2697 1302 2769 haec

165 2827 317 2922 quidem
340 2825 535 2898 recentiori
566 2826 859 2918 manuscripta:
901 2826 1034 2898 deinde
1067 2821 1140 2922 (fol.
1162 2825 1312 2922 9-11)

165 2956 370 3030 sententiae
401 2951 543 3050 aliquot
571 2956 737 3048 poeticae
766 2979 814 3026 ex
838 2952 1066 3049 Anthologia
1091 2956 1300 3050 decerptae:
1410 2935 1414 2944 ¹

165 3093 245 3158 tum
271 3107 294 3153 a
316 3081 379 3155 fol.
404 3084 448 3155 12
476 3105 592 3176 usque
615 3084 661 3154 ad
682 3084 795 3155 finem
812 3083 992 3156 Herodoti
1009 3081 1109 3170 libri,
1128 3109 1149 3156 e
1168 3085 1303 3177 quibus

167 3214 321 3308 quintus
358 3235 445 3284 casu
477 3209 601 3305 aliquo
632 3211 829 3284 intercidit.
890 3220 1106 3307 argumenta
1135 3213 1177 3284 in
1206 3237 1303 3284 mar-

165 3342 318 3438 ginibus
348 3340 548 3435 adscripta,
579 3365 646 3434 per
677 3337 790 3412 libros
815 3340 836 3410 Ι
860 3347 899 3413 et
921 3340 963 3411 H
993 3341 1080 3412 satis
1112 3339 1229 3413 multa
1261 3366 1304 3415 ac

165 3495 250 3544 cum
269 3469 345 3540 AB
360 3466 436 3543 fere
454 3469 706 3564 congruentia,
729 3470 817 3542 inde
835 3468 970 3541 alibro
987 3470 1048 3540 III
1066 3471 1209 3544 diversa
1225 3495 1303 3544 esse

165 3598 353 3692 incipiunt
369 3606 480 3692 atque
498 3594 633 3684 futilia,
658 3621 745 3671 mox
762 3598 879 3693 magis
900 3598 1091 3694 magisque
1110 3623 1301 3673 rarescere.

166 3729 332 3803 versibus
349 3727 412 3799 hie
428 3725 507 3798 illic
524 3725 663 3821 glossae
685 3727 763 3800 sive
780 3751 911 3800 vocum
936 3725 1163 3822 singularum
1188 3729 1304 3801 inter-

166 3864 397 3952 pretamenta
413 3856 606 3928 interiecta
624 3863 719 3927 sunt.
765 3856 905 3950 primus
923 3855 1074 3930 contuli.

270 3987 304 4058 6.
324 3983 350 4056 cl
382 3983 616 4057 Florentium
633 3985 904 4060 Laurentianae
921 3984 1017 4079 plut·
1029 3985 1144 4057 LXX
1163 3987 1186 4058 6
1203 3984 1303 4060 foliis

165 4113 410 4186 membraneis
429 4120 570 4186 constat
589 4112 662 4184 340
677 4111 859 4210 oblongis,
877 4113 1114 4210 neglegenter
1132 4115 1300 4209 scriptus.

166 4243 494 4337 praescriptionem
528 4242 624 4314 hanc
657 4241 789 4316 hebet:
829 4236 1020 4339 Ἡροδότου
1053 4239 1304 4342 ἀλικαρνασέος

168 4371 295 4466 ἱστορία
314 4369 348 4440 ἐν
368 4368 465 4440 ἐννέα
483 4373 673 4468 σμήμασιν·
702 4367 723 4441 ἃ
748 4371 803 4440 καὶ
823 4373 946 4462 μοῦσαι
971 4368 1071 4440 καλεῖ
1086 4368 1168 4465 (leg.
1188 4370 1302 4442 καλεῖ-

163 4497 246 4595 τοι)·
269 4497 317 4566 ὧν
336 4495 379 4568 τὰ
397 4495 546 4589 ὀνόματα
565 4496 676 4569 κλιιὼ.
719 4495 879 4596 εὐτέρττρ.
920 4495 1050 4570 theu.
1092 4496 1300 4600 ρελιιορένιρ.
