3175 5092
735 314 934 374 ..Β-

202 497 256 558 171
269 489 303 560 ἐν
323 487 360 560 δὲ
379 491 422 586 τη
440 487 542 585 λίμνη
562 490 668 586 ταύτη
687 486 729 560 τά
748 487 888 587 δείκηλα
912 495 977 559 τῶν
1003 487 1141 561 παθέων
1168 489 1273 561 αὐτοῦ
1291 493 1407 570 νυκτὸς

265 614 406 690 ποιεῦσι,
428 605 469 678 τά
488 605 644 681 καλέουσι
662 611 830 707 μυστήρια
849 603 1032 706 Αίγύπτιοι.
1073 611 1152 708 περὶ
1170 608 1231 703 μέν
1249 635 1305 682 νυν
1325 611 1404 681 τού-

266 755 332 803 των
359 727 459 800 εἰδότι
488 753 544 820 μοι
570 728 625 800 ἐπὶ
652 727 754 802 πλέον
783 732 831 810 ὡς
859 727 983 801 έκαστα
1008 727 1119 800 αὐτῶν
1144 727 1226 826 ἔχει.
1256 729 1407 821 εὔστομα

267 848 401 921 κείσθω.
448 848 502 918 καί
528 831 590 948 της
608 847 792 948 Δήμητρος
817 848 955 947 τελετῆς
980 847 1068 946 πέρι,
1098 852 1159 946 τὴν
1186 851 1218 920 οί
1234 842 1408 946 Ἕλληνες

267 969 478 1066 θεσμοφόρια
498 967 665 1052 καλέουσι,
697 971 751 1042 καὶ
769 970 896 1066 ταύτης
915 995 971 1059 μοι
995 967 1072 1065 πέρι
1097 967 1248 1062 εὔστομα
1267 966 1404 1048 κείσθω,
1445 991 1459 1038 5

266 1089 356 1186 πλὴν
385 1087 462 1160 όσον
490 1086 597 1186 αὐτῆς
621 1089 697 1187 όσίη
728 1087 799 1162 ἐστὶ
826 1087 943 1185 λέγειν.
1005 1089 1040 1159 αί
1066 1085 1199 1159 Δαναοῦ
1224 1087 1409 1186 θυγατέρες

266 1211 354 1306 ἦσαν
382 1208 415 1278 αἱ
442 1209 502 1304 τὴν
529 1206 666 1306 τελετὴν
695 1210 821 1306 ταύτην
846 1208 881 1289 ἐξ
908 1203 1077 1303 Αἰγύπτου
1105 1206 1328 1304 ἐξαγαγοῦσαι
1351 1208 1408 1277 καὶ

172 1341 174 1346 ’
268 1327 442 1406 διδάξασαι
465 1324 526 1407 τὰς
546 1324 820 1424 Πελασγιώτιδας
843 1328 1019 1424 γυναῖκας·
1048 1325 1132 1420 μετὰ
1158 1325 1197 1398 δέ
1222 1325 1405 1406 ἐξαναστά-

268 1474 334 1544 σης
355 1445 494 1543 [πάσης]
516 1443 778 1545 Πελοποννήσου
797 1448 861 1519 ύπδ
879 1444 1038 1545 Δωριέων
1056 1445 1248 1528 ἐξαπώλετο
1267 1448 1291 1544 ὴ
1309 1445 1408 1520 τελε-

267 1571 321 1664 τίγ,
342 1567 373 1638 υί
392 1563 430 1638 δὲ
449 1564 708 1662 ὑπολειφθέντες
728 1564 1012 1664 Πελοποννησίων
1043 1569 1097 1640 καί
1121 1567 1182 1638 ούκ
1206 1565 1407 1646 ἐξαναστάν-
1428 1585 1461 1635 ιο

268 1711 323 1766 τες
335 1675 501 1783 Ἀρκάδες
519 1684 679 1766 διέσωζον
700 1687 805 1784 αὐτὴν
824 1691 952 1782 μοῦνοι.

204 1823 262 1885 172
342 1793 496 1902 Ἀπρίεω
531 1801 569 1875 δὲ
599 1804 667 1878 ὧδε
702 1807 994 1903 καταραιρημένου
1024 1805 1220 1906 ἐβασίλευσε
1245 1793 1406 1900 Ἀμασις.

268 1929 373 2018 νομοῦ
393 1922 453 2019 μὲν
472 1922 605 1996 Σαΐτεω
624 1924 698 2006 έιύν,
725 1924 763 1996 ἐκ
781 1933 844 2024 της
860 1924 900 1997 δέ
916 1927 960 2024 ἦν
978 1925 1106 2008 πόλιος,
1127 1925 1258 2020 οὔνομά
1283 1927 1315 1996 οί
1336 1925 1408 1998 ἐστὶ

267 2044 385 2140 Σιούφ.
431 2043 472 2116 τά
491 2042 551 2137 μὲν
570 2043 614 2140 δὴ
633 2051 751 2143 πρῶτα
776 2049 965 2116 κατώνοντο
988 2048 1045 2116 τδν
1064 2032 1215 2139 Ἀμασιν
1235 2041 1408 2142 Αἰγύπτιοι

269 2165 376 2236 καὶέν
398 2162 541 2261 οὐδεμιῇ
562 2167 665 2262 μοίρῃ
686 2162 818 2261 μεγάλη
837 2166 921 2263 ἦγον
946 2165 1005 2238 άτε
1029 2165 1073 2263 δη
1092 2164 1248 2262 δημότην
1267 2169 1306 2238 τδ
1329 2166 1407 2262 πρὶν
1426 2185 1460 2234 ιο

268 2285 366 2356 ἐόντα
395 2285 449 2354 καὶ
481 2282 590 2380 οίκίης
618 2282 677 2354 οὐκ
705 2283 906 2380 ἐπιφανέος·
936 2281 1020 2377 μετὰ
1048 2282 1085 2356 δὲ
1111 2288 1217 2382 σοφίη
1242 2281 1407 2365 αύτοδςό

262 2397 424 2497 Ἀμασις,
445 2400 505 2473 οὐκ
521 2398 745 2501 ἀγνωμοσύνη
764 2404 1011 2502 προσηγάγετο.
1049 2405 1092 2503 ἦν
1110 2406 1142 2475 οί
1161 2401 1249 2476 ἄλλα
1267 2428 1303 2474 τε
1321 2399 1407 2499 α’γα-

268 2522 314 2594 θὰ
340 2526 450 2620 μυρία,
482 2521 516 2594 έν
543 2519 660 2596 δὲκαὶ
686 2519 897 2622 ποδανὶπτὴρ
915 2525 1068 2621 χρύσεος,
1098 2523 1133 2595 έν
1151 2521 1317 2620 τῷαύτύς
1334 2524 1407 2594 τεύ

262 2629 412 2736 Ἀμασις
437 2644 491 2714 καί
516 2643 547 2713 οί
581 2641 776 2736 δαιτυμόνες
805 2645 836 2714 οἱ
862 2644 984 2724 πάντες
1009 2644 1088 2724 τοὺς
1114 2642 1222 2724 πόδας
1249 2641 1407 2716 ἑκάστοτε

269 2762 509 2844 ἐναπενίζοντο.
565 2766 679 2834 τοῦτον
708 2750 783 2834 κατ’
813 2761 861 2833 ὧν
890 2763 996 2860 κόψας
1022 2761 1161 2859 ἄγαλμα
1188 2762 1346 2857 δαίμονος
1373 2761 1409 2842 ἐξ
1425 2784 1459 2834 ευ

269 2881 371 2954 αὐτοῦ
391 2881 585 2978 ἐποιήσατο,
613 2883 671 2953 ’καὶ
699 2879 812 2980 ίδροσε
836 2890 899 2983 τῆς
920 2882 1037 2962 πόλιος
1060 2882 1140 2952 όκου
1165 2884 1206 2982 ην
1227 2881 1407 2980 ἐπιτηδεό-

269 3025 388 3073 τατον·
418 3003 449 3073 οί
475 3000 512 3074 δέ
530 2996 704 3097 Αἰγύπτιοι
731 3002 922 3098 φοιτέοντες
949 3003 1034 3100 πρός
1057 3001 1221 3098 τῶγαλμα
1248 3000 1407 3102 ἐσέβοντο

270 3121 436 3218 μεγάλως.
473 3120 591 3214 μαθὼν
612 3118 650 3192 δέ
668 3107 849 3214 όἊμασις
865 3122 903 3191 τδ
923 3121 962 3192 ἐκ
980 3129 1047 3192 τῶν
1065 3117 1176 3194 ἀστῶν
1194 3123 1404 3215 ποιεύμενον,

270 3239 479 3337 συγκαλέσας
507 3234 706 3336 Αἰγυπτίους
736 3239 880 3337 ἐξέφηνε
914 3238 980 3336 φὰς
1007 3240 1044 3312 ἐκ
1071 3247 1130 3312 τοῦ
1156 3241 1408 3338 ποδανιπτῆρος

269 3359 433 3456 τῶγαλμα
461 3357 649 3456 γεγονέναι,
680 3357 715 3439 ἐς
742 3361 798 3432 τόν
824 3361 986 3458 πρότερον
1015 3357 1077 3453 μέν
1107 3361 1184 3441 τοὺς
1209 3355 1408 3456 Αἰγυπτίους
1424 3383 1457 3432 κο

424 3593 502 3650 πόθεν
513 3596 546 3649 τά
558 3595 716 3668 θεσμοφόρια
780 3596 836 3667 περὶ
848 3603 896 3667 τῆς
908 3590 1045 3666 Ἀμάσιδος
1057 3596 1185 3668 βασιλείας
1197 3596 1241 3650 καὶ
1253 3598 1289 3650 ιύν
1301 3595 1406 3668 ἔπραξεν

373 3773 397 3822 4.
424 3767 586 3823 Plutarchus
605 3786 672 3822 mor.
692 3785 718 3838 p.
734 3770 793 3820 417.
815 3771 874 3821 607.
896 3771 955 3822 636.
1016 3769 1187 3841 Phrynichus
1210 3787 1239 3840 p.
1259 3771 1310 3822 469
1333 3767 1402 3823 Lob.

321 3839 412 3893 Schol.
428 3837 512 3909 Soph.
526 3836 598 3892 Phil.
614 3839 673 3890 201.
705 3837 871 3904 Themistius
883 3856 922 3892 or.
938 3838 977 3891 ll.
993 3856 1020 3909 p.
1036 3841 1078 3892 27.
1115 3839 1304 3893 Theodoretus
1315 3854 1402 3907 graec.

321 3907 445 3962 affixfl.
477 3905 597 3960 Thomas
609 3907 648 3960 M.
663 3925 688 3977 p.
708 3909 763 3960 160.
785 3938 818 3946 -
840 3907 879 3959 18.
900 3906 1084 3961 Polluxxw

323 4067 345 4116 1.
367 4063 471 4118 αύτοῦπ
505 4063 516 4127 ΙΙ
552 4065 575 4114 2.
598 4068 694 4116 ποιεῦσι
705 4063 738 4115 τὰ
750 4077 803 4116 om.
818 4060 920 4116 Athen.
957 4064 969 4126 ΙΙ
1003 4081 1113 4116 νυνοατ.
1130 4065 1159 4117 Β
1192 4065 1204 4128 ΙΙ
1239 4065 1264 4114 3.
1284 4061 1406 4116 ἑπιπλέον

272 4136 312 4188 (λέ
334 4135 345 4198 ΙΙ
368 4131 490 4186 αύτέωνπ
514 4134 525 4196 ΙΙ
549 4135 573 4184 θ.
595 4132 677 4202 πάσης
690 4130 812 4203 separavi
835 4133 846 4196 ΙΙ
873 4133 913 4184 10.
933 4131 1166 4203 ύποληφθένπεςΙί
1188 4135 1201 4197 ΙΙ
1227 4134 1266 4183 12.
1287 4131 1403 4185 «haeum.

270 4205 298 4256 R
327 4205 338 4269 ΙΙ
371 4204 410 4254 13.
431 4201 547 4254 σίτεωΙδ
570 4203 581 4266 ΙΙ
605 4201 722 4260 πόλεοςα
751 4203 762 4266 ΙΙ
791 4199 916 4254 οίοτιτ.ιί
942 4204 954 4266 ΙΙ
986 4202 1025 4253 Η.
1047 4201 1137 4273 σὶγφά
1157 4204 1169 4266 ΙΙ
1192 4201 1370 4254 κατόνοντοΙί
1397 4202 1401 4266 Ι

272 4273 311 4324 15.
331 4269 376 4324 άτε
389 4303 403 4311 -
420 4272 448 4322 Ιύ
462 4271 596 4342 ἐπιφανέος
610 4271 698 4325 om.d
719 4273 730 4336 ΙΙ
753 4269 842 4339 τυπρὶν
854 4271 887 4332 Ρ,
901 4270 1053 4341 τοπρότερον
1065 4289 1096 4340 ρκ
1122 4273 1135 4334 ΙΙ
1166 4272 1205 4322 17.
1225 4269 1405 4342 εὐγνωμοσύνη

269 4361 282 4393 z
314 4343 325 4404 ΙΙ
356 4341 388 4406 οἱ]
405 4339 430 4392 οί
444 4341 470 4404 d,
485 4347 547 4410 post
558 4358 585 4391 τε
599 4340 625 4392 R
660 4342 671 4406 ΙΙ
710 4341 748 4392 18.
770 4338 798 4392 ἓν
813 4339 853 4391 w
886 4342 897 4404 ΙΙ
932 4339 1086 4410 ποδανιπτὴρ
1100 4339 1189 4409 ΟΡμν.
1206 4344 1247 4403 (ut
1259 4338 1372 4402 videtur)
1398 4348 1407 4395 !.

270 4413 312 4462 20.
334 4409 546 4470 ἐναπενιζέατοό
569 4412 580 4472 ΙΙ
608 4411 648 4460 21.
670 4408 786 4466 πόλεοςσ
809 4409 821 4472 ΙΙ
844 4407 1038 4479 ἐπιτηδεότατον
1050 4410 1153 4467 ABR:
1168 4408 1369 4480 ἐπιτηδεότατον
1398 4436 1400 4471 Ι

271 4481 313 4531 22.
335 4479 470 4550 φοιτῶντες
481 4479 544 4543 ΑΒ,
559 4479 709 4551 φοιτέωντες
725 4479 749 4533 0
768 4479 779 4544 ΙΙ
804 4479 847 4530 25.
867 4477 914 4547 μέν
927 4495 981 4531 om.
997 4479 1026 4532 R
