3175 5092
270 353 321 398 ΧΠ
764 337 911 391 Praelatio.

269 512 466 610 τερψιχόρη.
503 510 624 608 ἑρατὼ.
664 511 845 606 πολύμνια.
886 511 1034 611 οὐρανία.
1076 512 1255 610 καλλιίπη.
1320 515 1406 586 sub-

270 641 505 734 scriptionem
534 649 657 714 autem
687 642 728 712 in
758 643 834 714 fine
860 643 975 714 hanc:
1021 640 1205 738 ἐτελειώθη
1232 644 1271 712 τδ
1296 644 1404 738 παρδν

270 766 400 867 βιβλίον
429 765 483 838 διὰ
508 771 621 866 χειρὸς
644 767 729 861 ἐμοῦ
755 775 815 841 τοῦ
842 768 1045 865 ἁμαρτιαλοῦ
1068 768 1224 841 νικολάου
1246 775 1306 840 τοῦ
1333 794 1404 868 τρι-

1191 913 1246 924 “““”
1332 909 1389 948 ’οὓ

270 910 391 982 κλίνου.
439 914 522 1010 μηνὶ
545 916 685 1010 μαρτίυ).
733 914 935 994 ἱνδικτιῶνος
954 898 1016 969 ἠ’
1069 911 1166 993 ἔτους
1187 949 1246 1008 53
1263 912 1314 984 ὧκ
1337 920 1402 1007 ς’

270 1038 357 1133 (ie.
386 1041 474 1112 anni
499 1048 581 1134 post
606 1040 798 1114 Christum
826 1041 948 1137 1318).
1010 1043 1052 1114 in
1082 1043 1312 1137 marginibus
1345 1044 1406 1115 hic

269 1167 346 1240 illic
382 1178 420 1241 et
456 1176 670 1264 argumenta
701 1193 824 1242 rerum
856 1169 981 1265 qualia
1011 1171 1053 1242 in
1083 1170 1121 1242 A
1157 1168 1332 1265 leguntur
1369 1181 1407 1243 et

271 1296 428 1383 scholia,
471 1323 513 1370 ac
556 1306 699 1392 praeter
738 1323 782 1370 ea
820 1303 929 1395 στίχοι
970 1297 1113 1393 aliquot
1150 1297 1316 1369 πολιτικοί
1359 1303 1405 1371 ab

270 1427 420 1500 homine
458 1426 540 1498 aevi
576 1427 766 1522 byzantini
804 1451 869 1520 pro
906 1451 1007 1500 more
1043 1434 1081 1500 et
1115 1436 1227 1521 captu
1257 1425 1407 1500 illorum

270 1563 476 1649 temporum
494 1557 632 1641 excusi,
653 1553 755 1629 velut
771 1557 814 1628 hi
832 1579 922 1650 quos
940 1553 1037 1628 infra
1057 1558 1165 1650 posui
1181 1557 1223 1629 in
1240 1557 1406 1651 margine

270 1681 432 1776 exempli
457 1682 547 1755 loco.
560 1683 592 1778 *)
644 1707 729 1755 nam
756 1685 881 1757 cuncti
907 1686 967 1757 edi
991 1685 1063 1757 hoc
1086 1686 1302 1779 praesertim
1325 1683 1406 1757 loco

269 1835 344 1884 non
368 1821 573 1899 merentur,
605 1821 691 1884 sunt
717 1821 841 1886 autem
866 1822 1010 1906 praeter
1034 1812 1118 1885 illos
1143 1814 1190 1885 ad
1212 1811 1239 1884 Γ
1265 1815 1312 1886 14
1336 1838 1407 1884 un-

269 1941 399 2026 decim,
424 1941 471 2012 ad
493 1937 520 2010 Γ
542 1942 586 2014 16
611 1949 794 2036 quattuor,
821 1944 867 2014 ad
885 1939 912 2012 Γ
932 1941 979 2015 23
1004 1943 1228 2036 quindecim,
1247 1943 1294 2014 ad
1311 1940 1338 2014 Γ
1356 1944 1405 2015 29

269 2077 354 2156 tres,
372 2070 419 2141 ad
438 2067 463 2140 Γ
483 2069 530 2142 37
550 2071 640 2143 item
658 2079 739 2142 tres.
786 2069 926 2142 contuli
942 2069 1055 2143 libros
1072 2080 1223 2164 septem.

375 2227 408 2294 7.
437 2227 455 2298 b
499 2223 676 2312 Venetus,
703 2223 791 2296 olim
816 2225 1043 2298 Bessarionis
1063 2223 1283 2312 Cardinalis,
1307 2250 1407 2299 nunc

270 2351 516 2425 bibliothecae
542 2352 576 2423 S.
603 2353 724 2425 Marci
750 2352 997 2440 cchxrv,
1022 2355 1296 2441 membraneus,
1330 2354 1404 2428 385

268 2477 441 2553 foliorum
458 2482 662 2575 grandium.
703 2490 848 2576 praeter
864 2482 1094 2555 Herodotum
1112 2483 1241 2555 insunt
1258 2483 1407 2578 Thucy-

270 2610 365 2684 didis
399 2607 486 2682 libri
523 2618 605 2682 octo
640 2618 678 2681 et
712 2609 990 2683 Hellenicorum
1023 2611 1286 2706 Xenophontis
1319 2608 1407 2684 libri

271 2747 421 2832 septem.
457 2739 680 2833 praescripta
698 2739 812 2812 habet
828 2763 976 2833 prorsus
994 2741 1121 2812 eadem
1140 2764 1234 2835 quae
1252 2739 1285 2811 d.
1321 2743 1408 2812 sub-

270 2867 405 2960 scripta
429 2875 553 2939 autem
578 2868 687 2939 haec:
720 2865 819 2947 τέλος
836 2867 975 2965 εἴληφεν
993 2869 1017 2964 ἡ
1037 2865 1153 2967 βίβλος
1170 2865 1255 2965 αὕτη
1276 2866 1407 2966 ὁρισμῷ

272 2992 332 3088 μὲν
368 2995 423 3065 καί
456 2991 634 3093 προστάξει
668 2999 727 3066 τοῦ
761 2992 1019 3092 παναγιωτάτου
1059 3020 1123 3088 μου
1160 2997 1272 3090 κυρίου
1306 2994 1339 3064 κ’
1370 2992 1403 3093 β’

271 3117 529 3220 (Βησσαρίωνος
572 3123 612 3195 in
653 3122 820 3218 catalogo
856 3123 1027 3218 Zanettii)
1069 3119 1308 3222 καρδηνάλειος
1346 3129 1408 3220 τῆς
1462 3203 1465 3206 ,
1572 3130 1573 3133 ’

271 3248 380 3346 (ἁγίας
397 3249 501 3345 ibid.)
528 3251 701 3350 βωμαῐκῆς
724 3249 905 3347 ἐκκλησίας
929 3251 984 3320 καί
1008 3249 1215 3346 πατριάρχου
1238 3273 1407 3318 κιυνσταν-

269 3381 361 3448 τίνου
386 3377 535 3459 πόλεως,
565 3379 654 3477 χειρὶ
683 3375 720 3449 δὲ
743 3380 909 3477 γραφεῖσα
934 3377 1076 3448 ίιοάννου
1099 3373 1327 3475 πρεσβυτέρου
1348 3379 1407 3446 τοῦ

356 3637 380 3705 *l
401 3637 473 3693 adB
488 3641 552 3694 1722

425 3725 471 3814 ,ἔγ
545 3742 648 3801 ἀνεκτὸς
660 3741 693 3812 ἦν
705 3739 799 3811 ᾶμσσις
810 3747 843 3812 τη
856 3739 954 3811 σπανδῆ
966 3739 1052 3809 νίμων

545 3833 636 3899 μικροῦ
648 3827 811 3898 τριτημόριον
822 3827 922 3900 ἡμέρας
934 3827 1037 3900 χρόνον.

545 3913 569 3967 σί
580 3914 629 3985 γὰρ
641 3907 699 3984 παρ’
710 3912 775 3980 ἡμῖν
787 3919 965 3984 τυραννοῦντες
978 3912 1093 3972 ἐκτόπως

544 4001 673 4071 πάννυχον
685 3997 740 4066 ἅμα
751 3999 796 4051 καὶ
808 3998 955 4070 πανήμερον
970 3999 1064 4070 χρόνον

544 4089 601 4143 ταῖς
612 4082 725 4141 παιδιαῖς
737 4089 874 4156 προσεῖχον
884 4083 903 4152 ἢ
915 4084 960 4137 καί
970 4089 1027 4142 ταῖς
1039 4083 1140 4153 μέθαις,

545 4168 709 4241 ἀνδραπόδων
723 4168 836 4239 βιοῦντες
848 4168 954 4239 ἐμπαθῆ
968 4169 1030 4239 βίον,

546 4255 572 4318 ἐξ
585 4258 620 4310 ὧν
631 4256 661 4308 rb
673 4254 770 4313 κάλλος
781 4261 830 4324 της
841 4254 900 4313 νίας
913 4253 1041 4326 lupatio(

545 4340 659 4414 γηραλέα
671 4340 776 4412 συνέσχε
790 4339 858 4412 ῥυτὶς
870 4339 973 4411 ἀθρόον.

546 4427 564 4495 ἡ
579 4425 675 4496 βασιλὶς
688 4425 716 4479 δὲ
728 4425 772 4478 καί
784 4427 872 4478 πασῶν
885 4425 1013 4496 ὑπερτάτη
