3175 5092
637 348 838 409 -A-
1244 348 1305 410 113

169 521 223 591 καί
255 523 444 617 μαχόμενοι
470 519 577 618 ὀλίγοι
605 524 691 621 πρδς
723 520 873 602 πολλοὺς
902 518 1026 620 ἀρετὰς
1060 518 1302 601 ἀπεδείκνυντο,

170 638 379 721 ἑσσωθέντες
405 637 443 713 δὲ
470 644 525 713 καὶ
552 639 809 738 κατειληθέντες
835 640 871 721 ἐς
897 643 935 711 τδ
958 638 1039 713 ἄστυ
1065 640 1243 739 συνήλισαν
1270 640 1305 719 ές

169 761 231 857 τήν
259 758 440 859 ἀκρόπολιν
456 750 518 841 τάς
530 785 569 833 τε
585 762 743 856 γυναῖκας
759 762 815 832 καί
832 758 874 831 τά
891 762 991 833 τέκνα
1008 762 1062 832 καὶ
1083 759 1124 832 τά
1144 764 1305 859 χρήματα

169 882 329 961 καὶτοὺς
356 879 496 962 οἰκέτας,
523 881 579 951 καὶ
607 878 723 952 ἔπειτα
747 879 885 979 ὑπῆψαν
913 882 974 978 τήν
995 877 1174 980 ἀκρόπολιν
1193 884 1304 953 πᾶσαν

138 1000 296 1099 οταότην
322 998 485 1073 καίεσθαι.
547 1004 654 1071 ταῦτα
679 996 717 1071 δὲ
746 1002 948 1099 ποιήσαντες
978 1001 1032 1072 καὶ
1060 1002 1306 1093 συνομόσαντες

170 1120 290 1219 όρκους
307 1117 446 1203 δεινοός,
462 1118 694 1199 ἐπεξελθόντες
711 1116 880 1193 ἀπέθανον
898 1118 1022 1200 πάντες
1039 1116 1177 1193 Ξάνθιοι
1196 1122 1305 1216 μαχό-

171 1265 276 1334 μενοι.
320 1246 389 1311 τῶν
415 1238 453 1311 δὲ
477 1244 534 1311 νῦν
552 1236 686 1311 Λυκίων
711 1238 870 1334 φαμένων
890 1237 1045 1313 Ξανθίων
1072 1236 1154 1313 εἶναι
1171 1242 1202 1311 οἱ
1219 1238 1305 1313 πολ-

169 1357 234 1441 λοί,
260 1357 351 1457 πλὴν
376 1357 568 1455 ὀγδώκοντα
592 1356 735 1439 ἱστιέων,
765 1358 830 1431 είσί
858 1357 1043 1458 ἐπήλυδες·
1072 1361 1105 1431 αί
1131 1358 1169 1431 δὲ
1197 1358 1305 1456 όγδώ-

172 1479 389 1551 κοντα-ἱστίαι
411 1476 509 1551 αὗται
534 1475 656 1576 ἔτυχον
678 1482 860 1576 τηνικαῦτα
885 1476 1110 1576 ἐκδημέουσαι
1137 1482 1190 1551 καὶ
1218 1478 1306 1553 οὕτω

125 1618 155 1669 ιο
170 1597 414 1697 περιεγένοντο.
458 1597 520 1695 τήν
547 1596 608 1691 μὲν
633 1596 677 1696 δὴ
702 1594 832 1670 Ξάνθον
858 1596 946 1669 οότω
973 1597 1054 1697 ἔσχε
1082 1594 1303 1697 ό”Αρπαγος,

170 1716 419 1817 παραπλησίως
441 1714 480 1788 δὲ
502 1718 557 1789 καὶ
581 1719 643 1816 τήν
671 1712 806 1789 Καῦνον
832 1716 931 1815 ἔσχε·
960 1716 1095 1819 καὶγὰρ
1115 1720 1146 1793 οί
1166 1716 1308 1791 Καύνιοι

170 1839 249 1919 τοδς
265 1836 409 1917 Λυκίους
425 1835 637 1935 ἐμιμήσαντο
654 1836 696 1909 τά
711 1835 820 1910 πλέω.

247 1954 298 2031 Τὰ
317 1956 378 2052 μέν
394 1982 451 2029 νυν
469 1956 562 2031 κάτω
576 1962 638 2057 τής
650 1943 775 2056 Ἀσίης
785 1944 962 2056 ’Ἅρπαγος
986 1954 1156 2033 ἀνάστατα
1180 1957 1300 2043 ἐποίεε,
1315 1962 1371 2024 177

171 2076 215 2151 τά
234 2077 273 2151 δὲ
290 2076 362 2151 ἄνω
386 2075 493 2177 αὐτής
512 2074 612 2157 αὐτός
630 2071 760 2175 Κῦρος,
785 2079 853 2149 πᾶν
877 2074 975 2158 ἔθνος
997 2081 1307 2179 καταστρεφόμενος

127 2218 157 2269 ιι
172 2202 226 2271 καὶ
245 2196 344 2272 οόδέν
359 2200 499 2298 παριείς.
544 2193 586 2268 τά
604 2194 666 2290 μέν
682 2220 740 2268 νυν
759 2194 871 2271 αὐτῶν
895 2195 991 2285 πλέον
1014 2202 1235 2299 παρήσομεν·
1264 2196 1307 2269 τὰ

172 2319 210 2391 δέ
234 2320 266 2391 οί
287 2316 442 2418 παρέσχε
463 2341 503 2387 τε
525 2317 628 2389 πόνον
653 2314 810 2391 πλεῖστον
836 2318 890 2389 καί
908 2314 1206 2417 ἀξιαπηγητότατά
1224 2316 1303 2401 ἐστι,

171 2439 298 2511 τούτων
315 2435 557 2535 ἐπιμνήσομαι.

248 2553 365 2656 Κῦρος
390 2555 499 2629 ἐπείτε
521 2556 564 2629 τὰ
588 2554 698 2631 πάντα
725 2564 789 2657 τῆς
815 2556 956 2657 ἠπείρου
985 2556 1160 2658 ὑποχείρια
1185 2556 1375 2656 ἐπαινῇ-178

173 2703 265 2762 σατο,
281 2666 490 2775 Ἀσσυρίοισι
508 2672 691 2749 ἐπετίθετο.
736 2682 798 2777 τῆς
815 2673 854 2749 δὲ
865 2663 1053 2777 Ἀσσυρίης
1079 2675 1150 2749 ἐστὶ
1169 2676 1230 2771 μέν
1248 2702 1307 2749 κου

132 2800 226 2871 υκαὶ
253 2794 340 2871 ἄλλα
367 2794 560 2889 πολίσματα
590 2793 720 2893 μεγάλα
749 2794 873 2879 πολλά,
900 2798 939 2867 εδ
969 2795 1008 2869 δὲ
1039 2796 1305 2891 ὀνομαστότατον

173 2920 226 2990 καὶ
261 2916 477 3016 ίσχυρόταεον
504 2915 558 2985 καὶ
582 2912 666 2987 ἔνθα
691 2941 750 3011 σφι
776 2913 882 2989 Νίνου
908 2912 1093 2989 ἀναστάτου
1123 2915 1308 3015 γενομένης

172 3036 214 3109 τὰ
233 3034 394 3137 βασιλήια
411 3036 620 3132 κατεστήκεε,
647 3034 690 3132 ήν
708 3030 887 3138 Βαβυλών,
918 3032 1021 3109 ἐοῦσα
1037 3036 1176 3134 τοιαύτη
1197 3035 1239 3134 δή
1259 3061 1308 3115 τις

172 3155 280 3236 πόλις.
332 3152 443 3227 κέεται
469 3153 505 3227 ἐν
531 3153 638 3252 πεδίιρ
664 3154 819 3253 μεγάλῳ,
849 3152 999 3251 μέγαθος
1023 3152 1125 3231 ἐοῦσα
1151 3153 1307 3249 μέτωπον

174 3273 313 3349 ἕκαστον
331 3274 434 3348 εἴκοσι
449 3274 506 3345 καί
521 3272 639 3347 όκατδν
658 3276 813 3358 σταδίων,
828 3274 953 3373 ἐοόσης
968 3278 1195 3374 τετραγώνου·
1216 3272 1307 3345 οῦτοι

126 3410 158 3461 25
174 3393 301 3469 στάδιοι
318 3400 380 3494 τῆς
396 3393 555 3492 περιόδου
572 3398 635 3493 τής
650 3393 768 3475 πόλιος
794 3398 939 3491 γίνονται
966 3394 1173 3475 συνάπαντες
1196 3391 1305 3490 όγδοί-

303 3664 446 3737 περίτόν
458 3662 594 3737 ἐντήάνοι
606 3658 679 3736 Ἀσίᾳ
691 3660 779 3753 Κήρου
791 3664 905 3739 πράξειεν
1043 3660 1307 3741 περὶἈσσυρόιονκαί

276 3730 430 3806 Βαβυλῶνος
442 3732 487 3787 καί
498 3732 555 3805 περί
567 3731 691 3806 μεγέθους
703 3740 782 3805 αυτής
793 3736 838 3788 καὶ
849 3734 983 3809 σχήματος

277 3996 320 4049 2⁰.
335 4026 349 4037 -
360 4012 388 4066 p.
402 3995 463 4063 111,
478 3994 490 4046 1
505 3991 667 4049 Euanthius
680 3991 763 4049 Dion.
780 3996 846 4047 1005

226 4170 250 4221 1.
271 4164 469 4223 ἐπεδείκνντοθ
493 4170 505 4235 n
537 4168 563 4220 2.
584 4166 667 4221 αινείλ
686 4184 718 4221 σα
744 4166 782 4221 ἢ
814 4170 826 4233 u
857 4169 882 4219 6.
903 4164 1079 4229 ἐπεξελθόντες
1092 4164 1218 4220 Bekker=
1232 4164 1309 4229 ὑπεξ-

172 4234 290 4296 ελθόντες
333 4239 345 4302 fl
392 4236 417 4290 8.
438 4234 550 4290 ίστιαίιον
562 4236 596 4302 Ρ,
611 4185 749 4291 Ιστιάέωνι
795 4238 807 4303 ΙΙ
855 4236 895 4287 111.
916 4233 1035 4295 οῦτοςΙᾷ
1079 4236 1090 4302 11
1138 4236 1178 4288 13.
1199 4234 1309 4289 άναστα-

172 4306 307 4372 τίταθή
344 4306 384 4358 15.
403 4304 526 4359 αδτέιυνε
553 4308 565 4371 ss
593 4305 767 4377 παρήσομαικ
803 4308 814 4371 ΙΙ
851 4306 890 4357 Ιῦ.
910 4304 988 4359 πόνον
1000 4320 1051 4357 τεο
1083 4306 1094 4370 ΙΙ
1132 4303 1172 4357 18.
1191 4309 1268 4373 κῦρος
1281 4302 1308 4356 δὲ

174 4376 235 4430 Βάκ
268 4378 280 4441 Ι
314 4374 440 4510 ὑπογείρα
451 4376 489 4440 R,
503 4372 683 4497 όπὲγεῖραάι
724 4377 736 4440 u
775 4372 973 4444 ἐποιήσανεοθ
1008 4377 1020 4439 11
1062 4375 1102 4427 19.
1127 4366 1280 4446 Ἀσσυρίοισι
1295 4402 1309 4413 -

206 4444 325 4504 ςδέοιιι.
340 4444 376 4498 Δί
444 4443 534 4509 ἐστηί
585 4462 601 4496 τ
630 4444 709 4499 ΑΟΡ
734 4447 746 4509 u
773 4444 816 4499 20.
837 4442 1093 4513 οόνομαστότατονθ
1118 4444 1130 4509 ss
1159 4444 1200 4495 24.
1219 4460 1309 4515 τετρα-

172 4532 188 4585 γ
279 4512 328 4567 Rd
360 4516 372 4577 Ιί
406 4514 449 4566 ²⁵·
471 4512 609 4573 πόλεοια

226 4612 359 4655 Herodotus.
1088 4618 1104 4667 ρ
