3175 5092
672 382 818 435 Praalatio.
1283 403 1317 445 lx

181 561 357 652 abreptus
400 557 628 651 aliquamdiu
671 559 711 630 in
754 557 956 630 Germania
997 559 1095 652 apud
1136 558 1318 630 Baronem

182 685 457 781 Guestphelum
476 689 520 758 de
534 685 826 759 Schellersheim.
860 711 882 758 a
896 711 969 781 quo
983 688 1132 760 devenit
1144 689 1191 759 ad
1205 685 1319 760 Creu-

181 839 304 889 zerum
329 837 513 887 unacum
538 816 662 888 codice
687 815 775 888 item
794 814 1009 888 Florentino
1029 814 1168 888 scholia
1185 817 1318 889 Hesio-

181 945 249 1016 dea
266 944 493 1015 continenti:
521 946 566 1016 de
586 968 659 1038 quo
681 952 826 1038 praeter
843 941 1096 1016 Gaisfordium
1120 947 1200 1038 ipse
1224 969 1318 1016 non·

179 1070 284 1144 nulla
320 1072 477 1144 Oreuzer
517 1080 694 1144 memorat
734 1074 776 1146 in
818 1071 956 1170 sylloge
989 1071 1231 1166 epistularum
1272 1075 1319 1145 ad

179 1201 438 1273 Hermannum
475 1203 643 1273 datarum
672 1224 707 1294 p.
739 1202 822 1273 147.
853 1202 936 1274 170.
967 1203 1058 1274 195:
1100 1204 1146 1273 ab
1177 1201 1242 1274 illo
1272 1204 1319 1274 ad

180 1329 589 1424 Schweighaeuserum,
622 1330 726 1401 cuius
752 1331 845 1402 haec
875 1331 920 1403 de
945 1353 990 1402 ea
1011 1354 1052 1403 re
1076 1332 1190 1404 verbe
1219 1339 1316 1403 sunt.

175 1445 441 1530 ‘Accesserunt
469 1459 631 1552 primum
661 1482 682 1530 e
713 1460 988 1532 membranaceo
1012 1466 1158 1532 vetusto
1183 1460 1318 1532 Codice

181 1584 331 1671 Italico,
373 1586 559 1684 integrum
595 1585 789 1680 Scriptoris
825 1587 943 1658 nostri
978 1610 1070 1680 opus
1104 1588 1316 1675 exhibente,

181 1738 301 1808 neque
328 1737 502 1808 umquam
528 1723 636 1787 autea
658 1738 825 1801 excusso,
851 1725 1045 1809 excerptae
1062 1715 1270 1804 Lectiones,
1296 1741 1328 1788 a·

182 1841 377 1929 Creuzero,
402 1867 515 1937 penes
536 1866 646 1937 quem
672 1850 761 1915 tunc
785 1844 816 1914 is
841 1845 956 1916 codex
978 1857 1074 1930 erat,
1100 1843 1198 1916 ultro
1221 1845 1318 1917 mihi

180 1969 341 2058 oblatam
369 1995 542 2065 moxque,
568 1972 677 2043 venia
701 1973 747 2042 ab
765 1970 905 2061 illustrix
917 1974 1212 2045 membranarum
1232 1997 1316 2067 pos-

180 2121 336 2184 sessore,
371 2099 506 2172 Libero
530 2098 675 2172 Baroue
707 2101 752 2172 de
784 2098 1082 2187 Schellersheim,
1117 2101 1317 2196 Eisbergae

180 2225 408 2322 aliorumque
433 2228 474 2300 in
498 2226 735 2322 Westphalia
758 2226 920 2301 locorum
945 2230 1106 2316 domino,
1131 2254 1198 2323 per
1221 2231 1317 2302 eius-

180 2357 262 2428 dem
282 2355 453 2428 Creuzeri
472 2358 571 2450 apud
587 2355 695 2428 illum
719 2357 874 2452 gratiam
898 2367 937 2430 ct
960 2357 1001 2428 in
1018 2382 1077 2430 me
1094 2357 1317 2432 benevolen-

179 2485 271 2556 tiam
288 2486 496 2579 impetrata,
515 2485 616 2580 ipsae
634 2483 719 2558 illae
732 2487 1063 2579 praestantissimae
1076 2487 1315 2561 Membranae

181 2615 226 2684 ad
242 2637 303 2686 me
322 2615 567 2700 transmissae,
581 2637 780 2708 earumque
798 2639 910 2685 usura
927 2617 968 2686 in
985 2624 1129 2687 tanturn
1144 2617 1316 2711 temporis

180 2742 351 2835 spatium,
376 2750 555 2836 quantum
579 2742 673 2814 mihi
699 2743 770 2836 ipsi
787 2745 1018 2815 commodum
1036 2745 1156 2816 visum
1173 2743 1315 2832 fuisset,

181 2893 291 2965 supra
315 2893 425 2964 quam
448 2871 521 2942 dici
543 2879 665 2965 potest
685 2869 888 2944 liberaliter
905 2875 1088 2945 concessa’
1108 2871 1224 2967 (Tom.
1244 2871 1276 2956 I,
1295 2871 1310 2943 1

180 3023 215 3092 p.
225 2998 306 3094 VI).
335 2985 474 3078 ‘Quem
492 3001 654 3072 codicem
671 3008 760 3072 nota
773 2999 821 3070 F.
837 3001 1002 3088 distinxi,
1015 3003 1315 3074 membranaceus

180 3125 242 3199 ille
261 3136 328 3213 est,
346 3124 434 3199 olim
452 3123 700 3214 Florentinus,
726 3129 831 3200 cuius
848 3153 999 3201 usuram
1016 3132 1063 3202 ad
1080 3131 1181 3202 hunc
1199 3153 1316 3222 usque

180 3256 277 3330 diem
304 3256 352 3350 (h.
374 3279 404 3327 e.
426 3257 473 3328 ad
490 3279 629 3328 annum
651 3256 761 3352 1816)
780 3256 880 3358 ¹mihi
905 3282 1110 3332 concessam
1137 3258 1315 3331 Oreuzem

180 3386 308 3470 debeo,
334 3393 373 3456 et
396 3381 550 3456 illustris
568 3383 864 3458 Schellershemii
887 3389 1077 3462 beneficio’
1102 3385 1218 3482 (Tem.
1238 3386 1271 3472 Ι,
1289 3388 1313 3460 2

179 3537 215 3607 p.
225 3513 385 3584 XXXV
399 3511 479 3608 sq.).
508 3499 739 3585 eGermania
752 3523 864 3609 atque
877 3540 898 3589 e
911 3513 1219 3588 Schellersheimii
1231 3537 1315 3610 pos-

179 3641 337 3714 sessione
350 3639 452 3713 haud
463 3638 641 3737 legitima,
655 3652 699 3716 ut
711 3644 852 3737 opinor,
867 3668 941 3738 qua
957 3645 1019 3715 via
1035 3645 1185 3717 cuiusve
1203 3667 1316 3738 opera

171 3771 216 3844 ¹et
239 3769 499 3843 intercessione
523 3772 639 3844 codex
655 3771 878 3844 Florentiam
898 3773 1079 3860 remearit,
1105 3798 1181 3846 non
1199 3775 1314 3868 magis

178 3899 338 3993 comperi
355 3922 466 3993 quam
484 3897 588 3971 illine
606 3924 679 3993 quo
697 3909 805 3994 pacto
823 3899 957 3973 auferri
969 3903 1145 3996 potuerit:
1163 3927 1232 3974 nec
1250 3903 1316 3996 qui

177 4024 421 4100 bibliothecae
434 4028 720 4115 Laurentianae,
737 4029 777 4100 in
791 4054 901 4123 quam
918 4029 982 4102 ille
1000 4039 1084 4125 post
1100 4031 1315 4103 diuturnum

178 4153 333 4228 exilium
357 4153 492 4228 relatus
522 4165 592 4238 est,
626 4154 690 4228 illo
720 4157 800 4251 ipso
832 4166 997 4255 tempore
1027 4155 1187 4253 praefuit
1216 4169 1317 4232 cata-

176 4281 376 4379 logumque
401 4307 614 4378 graecorum
640 4287 805 4358 codicum
834 4287 1124 4360 adventiciorum
1147 4298 1313 4362 accurate

176 4387 422 4504 perscriptum
445 4412 607 4506 reliquit,
639 4415 852 4486 Franciscus
877 4417 923 4488 de
947 4415 1069 4499 Pirria,
1094 4441 1171 4488 rem
1196 4419 1313 4512 suspi-

178 4537 287 4611 tionis
305 4537 454 4634 plenam
472 4539 678 4614 illustravit.
719 4542 799 4636 ipse
818 4567 902 4616 eum
919 4568 985 4638 per
1002 4545 1092 4616 duos
1110 4543 1223 4618 libros
1240 4541 1314 4637 pri-
