3175 5092
258 363 320 408 v111
754 338 898 394 Praefcuo.

257 541 379 604 mum,
405 519 442 588 h.
462 541 494 590 e.
522 527 565 588 ut
589 537 689 587 nunc
712 511 801 586 solis
817 523 1076 600 numerantur,
1100 522 1245 607 praeter
1260 510 1393 584 folium

259 647 281 718 8
297 653 334 718 et
350 647 409 733 14,
428 655 548 719 cetera
564 644 699 730 omnia,
718 664 813 734 quae
830 643 982 733 quidem
999 643 1237 715 continebant
1249 644 1286 714 A
1303 641 1393 714 1-35

139 787 153 796 ““
257 775 352 846 med.
373 773 544 867 ἐμεωυτοῦ
570 769 677 844 ἀέκων
704 779 742 844 et
759 773 808 843 42
827 775 1040 868 πρήσσοντας
1059 770 1143 842 ἰέναι
1162 811 1208 822 -
1231 772 1279 844 68
1297 771 1391 842 med.

260 901 324 972 ὑπὸ
343 899 518 999 ἀπιστίηςε
547 899 735 995 supplevit
752 900 791 972 id
809 901 984 972 darnnum
1008 923 1140 970 monus
1158 897 1231 1005 alia
1248 897 1291 994 (b)
1316 922 1395 971 sae-

259 1029 334 1102 culi
352 1029 482 1125 opinor
497 1031 606 1102 XIV.
651 1053 746 1124 quee
764 1051 895 1100 manus
913 1051 998 1100 cum
1014 1028 1207 1101 minutiori
1229 1035 1395 1100 uteretur

258 1157 406 1231 modulo
436 1157 660 1244 litterarum,
698 1156 948 1251 quaternionis
978 1157 1088 1250 primi
1121 1181 1217 1250 quae
1248 1153 1395 1227 fiserant

260 1295 341 1358 octo
357 1284 447 1358 folia
464 1288 511 1358 ad
529 1294 670 1380 septem
685 1285 837 1380 redegit,
864 1283 1013 1357 alterius
1037 1308 1132 1379 quae
1158 1285 1308 1357 deerant
1332 1275 1396 1356 ser

259 1415 510 1509 compensavit
532 1411 630 1486 foliis
656 1413 831 1508 quinque.
882 1413 995 1485 huius
1022 1413 1156 1485 codicis
1181 1413 1397 1484 varietatem

257 1542 424 1616 lectionis
456 1543 597 1637 accepit
624 1541 835 1637 Wesseling
863 1541 1044 1614 beneficio
1074 1539 1280 1612 cardinalis
1310 1540 1398 1611 Pss-

260 1671 388 1758 sionei,
416 1673 514 1765 apud
539 1695 649 1765 quem
671 1669 735 1743 ille
760 1679 841 1743 tum
865 1670 978 1742 etiam
995 1679 1085 1755 erat,
1110 1693 1186 1742 non
1210 1671 1290 1741 sine
1311 1693 1399 1740 cura

260 1809 447 1873 enotatam
465 1823 534 1871 nec
552 1807 676 1871 tamen
694 1796 844 1893 plenam
861 1822 905 1869 ac
921 1799 1045 1870 nescio
1063 1821 1137 1892 quo
1159 1821 1293 1883 errore,
1320 1798 1397 1869 sive

260 1929 340 2001 eius
377 1928 441 2022 qui
477 1929 662 2021 excerpsit
695 1927 773 1998 sive
813 1926 982 2012 editoris,
1026 1925 1247 2020 aliquotiens
1286 1926 1398 2019 idque

260 2057 423 2129 maxime
447 2079 514 2150 per
543 2054 692 2128 ultimos
720 2051 836 2126 libros
861 2053 972 2148 plane
995 2051 1127 2126 falsam
1148 2079 1191 2125 ae
1211 2051 1289 2126 fere
1314 2078 1398 2124 eum

263 2184 421 2258 aliorum
440 2184 608 2256 codicum
624 2182 848 2256 lectionibus
867 2179 1066 2254 confinem.
1125 2183 1252 2276 itaque
1277 2184 1398 2255 denuo

261 2311 413 2385 contuli.

370 2441 404 2513 3.
442 2441 476 2513 Ο
534 2438 791 2525 Florentium,
830 2437 921 2510 olim
955 2439 1053 2512 inter
1087 2437 1202 2512 libros
1237 2447 1399 2513 vetustos

261 2570 446 2643 Abbatiae
471 2569 549 2642 sive
573 2567 787 2641 monosterii
811 2567 1139 2640 Benedictinorum
1155 2568 1293 2641 Beatee
1316 2569 1400 2640 Ma-

261 2698 337 2770 riae
356 2697 605 2783 Florentinae,
630 2698 696 2769 ubi
715 2696 810 2768 vidit
830 2719 917 2768 eum
934 2693 1179 2769 Montfaucon
1198 2695 1300 2792 (dior.
1319 2696 1397 2769 ital.

261 2851 298 2921 p.
319 2825 406 2900 365.
440 2823 612 2898 biblioth.
637 2825 656 2896 Ι
681 2849 717 2919 p.
741 2823 847 2920 414),
872 2847 1027 2905 numero
1054 2827 1149 2911 207,
1178 2849 1279 2898 nunc
1302 2827 1401 2898 inter

263 2955 404 3026 codices
421 2977 568 3050 graecos
587 2979 607 3026 e
625 2953 857 3026 monasteriis
874 2953 1040 3026 Etruscis
1057 2954 1098 3025 in
1111 2953 1399 3026 Laurentianam

264 3081 459 3154 translatos
477 3083 629 3177 primus.
675 3083 920 3155 membraneis
939 3090 1081 3154 constat
1097 3079 1198 3154 foliis
1218 3081 1292 3154 310
1311 3105 1401 3176 qua-

263 3211 389 3296 dratis,
416 3235 548 3306 perum
572 3210 714 3283 curiose
737 3210 888 3283 habitus
912 3210 966 3281 sie
989 3218 1033 3281 ut
1049 3207 1177 3282 multis
1194 3233 1294 3281 nune
1311 3209 1401 3283 locis

263 3340 478 3433 impeditius
495 3337 649 3434 legetur.
697 3339 917 3432 scripturam
938 3337 1049 3431 periti
1068 3337 1218 3432 quidem
1241 3347 1280 3410 et
1296 3361 1401 3411 exer-

264 3468 369 3541 citati
386 3468 560 3554 hominis,
582 3469 739 3539 sednon
758 3466 847 3539 sctis
864 3465 1051 3560 diligentis
1069 3465 1300 3561 nimiumque
1319 3492 1402 3540 cur-

264 3597 379 3670 rentis
398 3621 441 3668 ac
458 3597 605 3690 saepius
624 3596 841 3681 aberrantis,
859 3597 907 3666 ad
924 3593 1112 3668 saeculum
1128 3594 1317 3669 retulerim
1331 3621 1402 3668 un-

264 3725 458 3797 decimum.
494 3725 635 3819 primae
648 3724 806 3819 paginae
825 3747 908 3794 cum
921 3728 1038 3818 poene
1056 3725 1132 3796 situ
1150 3733 1189 3797 et
1205 3726 1401 3798 atramenti

264 3853 404 3949 pallore
421 3853 669 3938 evanuissent,
694 3849 824 3925 refecit
847 3875 979 3924 manus
1002 3851 1191 3948 aliquanto
1208 3856 1399 3927 recentior.

265 3985 427 4078 itemque
446 4006 531 4053 eum
550 3979 779 4075 casualiquo
798 3982 1012 4054 interissent
1028 3978 1118 4053 folia
1133 3982 1166 4054 9.
1188 3983 1245 4055 10.
1266 3983 1323 4055 11.
1342 3983 1399 4054 12.

269 4112 327 4198 13,
347 4135 442 4206 quae
460 4110 700 4184 continebant
716 4112 752 4182 A
771 4111 817 4181 41
839 4108 998 4207 παρέχων
1016 4113 1127 4182 πᾶσαν
1141 4151 1160 4162 -
1178 4111 1228 4182 68
1243 4106 1400 4182 ἀπελθὼν

265 4239 301 4319 ἐς
313 4237 484 4337 Σπάρτην,
504 4263 549 4312 ea
564 4238 698 4312 lacuna
714 4245 841 4333 postea
857 4236 1027 4331 suppleta
1044 4248 1099 4310 est
1112 4237 1257 4311 saeculo
1271 4238 1402 4332 quinto

266 4367 407 4441 decimo
427 4365 479 4462 (c)
525 4365 599 4440 fuit
621 4376 744 4439 autem
769 4367 832 4438 hic
856 4369 971 4438 codex
995 4366 1105 4439 initio
1127 4366 1240 4438 huius
1265 4361 1401 4439 saeculi

259 4493 392 4600 'fraude
411 4493 536 4591 eliqua
555 4521 575 4568 e
597 4519 663 4568 sua
683 4497 781 4590 apud
794 4495 1055 4570 Benedictinos
1072 4496 1164 4568 sede·
1175 4503 1276 4568 trans
1286 4493 1402 4592 Alpes
