3175 5092
254 351 337 398 Lm
746 328 894 383 Matio.

256 516 449 602 expertum
480 514 536 578 est
565 504 755 578 saevitiem
785 504 1008 576 criticorum.
1072 499 1185 574 εἴνενιο
1215 501 1316 574 enim
1345 526 1396 572 nn

255 633 472 720 sirenarum
484 636 681 712 admodum
694 635 864 709 crebrum
876 627 1257 726 utrumquesedillud
1268 628 1396 726 pnullo

257 765 431 852 crebrius,
448 763 564 860 mugio
582 763 778 838 conveniet
792 759 909 835 indoli
924 761 1113 848 sermonis,
1131 785 1240 835 nomo
1258 769 1397 834 temore

258 894 425 989 quemvis
441 916 553 990 sagax
570 893 806 988 responderit
849 891 954 987 etqui
976 893 1077 986 apud
1093 889 1329 963 Eustetbium
1347 889 1395 962 ll.

257 1049 294 1118 p.
320 1023 415 1096 1158
435 1023 527 1096 hoec
543 1021 719 1118 legtmtur
736 1018 930 1095 manifesto
954 1029 1020 1092 cut
1036 1022 1185 1093 bubata
1203 1028 1269 1092 eut
1284 1019 1399 1091 muti-

256 1151 350 1225 late:
396 1149 503 1224 ierim
536 1147 656 1223 δὲκαὶ
687 1151 739 1222 ὅτι
763 1148 800 1223 ἐν
828 1152 899 1231 τοῖς
922 1144 1039 1221 Αἰλίου
1061 1145 1237 1221 Διονυσίου
1263 1151 1319 1220 καὶ
1348 1150 1399 1228 e<

252 1267 389 1352 Ἀττικὰ
407 1277 466 1373 μὲν
485 1281 524 1352 τὸ
542 1275 615 1353 εἶτα
632 1281 687 1352 καὶ
705 1277 840 1352 ἔπειτα·
859 1275 954 1350 τὸδὲ
971 1275 1089 1360 εἶτεν,
1105 1278 1201 1376 φησὶ,
1216 1278 1271 1348 καὶ
1285 1275 1398 1349 ἔπει-

259 1433 328 1480 τεν
350 1407 443 1481 ἰακά·
464 1407 526 1490 διό,
547 1411 644 1505 φησί,
666 1409 721 1480 nul
737 1395 820 1506 παρ’
838 1400 1018 1505 Ἡροδότῳ
1035 1409 1167 1481 κεῖνται.
1213 1430 1283 1479 nec
1299 1405 1400 1478 enim

259 1535 379 1611 ullum
402 1559 503 1610 nuuc
528 1535 722 1630 utriusque
746 1534 898 1609 voculae
923 1544 1027 1608 extet
1050 1535 1149 1630 opud
1169 1535 1400 1608 Herodotum

260 1664 491 1760 exemplum,
517 1665 588 1740 nisi
612 1666 711 1760 quod
728 1663 858 1741 ἔπειτεν
880 1667 918 1741 Α
939 1666 1011 1737 146
1033 1689 1058 1736 a
1080 1663 1207 1738 Reizio
1228 1662 1400 1758 pmbebi-

260 1793 345 1870 liter
362 1801 563 1870 correctum
581 1803 637 1868 est
653 1817 720 1889 pro
737 1792 860 1868 inette.
889 1795 953 1868 sed
965 1793 1134 1890 Dionysii
1148 1793 1400 1867 testimonium

260 1925 314 2000 ite
338 1923 566 2018 interpretati
591 1931 689 2011 sunt,
719 1931 762 1999 ut
786 1921 894 1994 illum
922 1947 999 1996 non
1027 1946 1104 2002 uuo
1128 1920 1287 1996 alterove
1318 1921 1401 1994 loco

260 2053 392 2148 legisse
410 2055 474 2126 scd
491 2051 629 2148 ubique
647 2050 777 2128 ἔπειτεν
796 2049 1009 2146 colligerent
1032 2077 1075 2124 cc
1096 2051 1263 2147 protinus
1284 2049 1402 2123 ἔπειτα

262 2182 426 2277 undique
453 2181 642 2258 exturbari
665 2181 856 2267 iuberent,
884 2179 1058 2276 illiusque
1083 2205 1189 2278 porro
1213 2190 1402 2275 tamquam

263 2312 354 2386 certi
378 2311 453 2386 iam
470 2319 508 2386 et
528 2309 711 2405 explorati
728 2309 969 2386 similitudine
990 2313 1185 2384 abutentes
1210 2307 1335 2384 εἵνεκεν
1359 2316 1404 2383 ut

264 2441 373 2516 unice
391 2440 645 2516 Herodoteum
662 2463 737 2514 non
755 2437 1008 2535 relinquerent
1031 2442 1140 2513 modo
1166 2463 1295 2512 verum
1320 2439 1403 2510 ubi-

267 2595 339 2665 que
356 2593 424 2663 pru
442 2565 553 2644 εἵνεκα
570 2569 821 2644 immitterent.

367 2698 440 2772 Sed
461 2700 652 2774 redeamus
675 2699 722 2772 ud
740 2697 953 2775 institutum
970 2698 1145 2782 ordinem,
1171 2723 1245 2793 quo
1266 2698 1339 2771 inm
1357 2699 1405 2769 nd

143 2893 147 2902 .
267 2829 459 2906 varietates
479 2828 693 2904 deducimur
711 2829 973 2913 verborum,
998 2853 1021 2900 e
1038 2829 1174 2922 quibus
1191 2827 1405 2922 praecipuas

266 2958 441 3052 quaedem
459 2981 559 3034 nunc
576 2955 745 3034 delibabo
763 2967 828 3032 eut
845 2957 1066 3030 dubitationi
1083 2957 1270 3030 obnoxios.
1305 2957 1403 3037 ζώειν

266 3111 309 3160 ου
322 3085 395 3185 ζῆν,
412 3111 432 3160 e
446 3085 579 3180 quibus
593 3087 664 3160 hec
672 3085 819 3160 brevius
830 3095 1016 3180 tamquam
1025 3085 1177 3181 vulgare
1188 3083 1407 3158 aclibrerio-

266 3241 350 3292 rum
368 3215 529 3291 socordia
553 3212 724 3308 illapsum
743 3215 885 3308 pridem
906 3215 939 3286 0
961 3215 1153 3288 correctori
1176 3214 1406 3287 stomachum

267 3344 381 3417 movit
398 3343 663 3438 Bekkerusque
686 3367 805 3437 paene
828 3343 992 3437 undiquc
1016 3345 1180 3438 expulit,
1206 3369 1306 3417 nunc
1329 3366 1407 3414 nou

268 3473 423 3548 dubium
440 3497 518 3546 esse
532 3481 652 3567 potest
668 3473 759 3567 quin
772 3473 854 3566 puri
866 3472 948 3546 loco
965 3473 1040 3544 sint
1056 3473 1239 3560 habenda,
1257 3474 1348 3545 adeo
1365 3482 1408 3543 ut

174 3687 187 3702 ι
267 3599 360 3676 illud
374 3602 622 3688 undevicieus,
633 3602 704 3676 hoc
718 3611 899 3695 quateret
911 3602 1048 3674 viciens
1060 3601 1213 3697 legetur,
1225 3625 1409 3696 nusquam

269 3740 393 3806 autem
407 3731 457 3813 (tii
474 3731 537 3829 ζῇς
555 3731 599 3830 ζῇ
621 3728 717 3812 Ἔνον,
738 3729 851 3805 semel
867 3730 930 3829 ζῆν
945 3731 978 3804 E
994 3732 1029 3818 6,
1045 3741 1173 3804 contre
1187 3733 1287 3814 ζώειν
1299 3731 1406 3803 Α31.

270 3859 297 3932 Γ
312 3861 372 3934 22.
392 3859 433 3935 H
452 3861 512 3934 46.
558 3868 597 3934 et
614 3883 701 3934 vero
718 3858 832 3934 πλέειν
852 3859 1018 3956 quemvis
1036 3885 1122 3955 prae
1140 3861 1265 3932 πλώειν
1284 3868 1328 3932 ut
1343 3885 1410 3933 ex-

269 3989 450 4085 quisiticri
467 3997 719 4083 contemptum
736 3989 817 4083 ipse
832 3986 1039 4084 frequentia
1059 3990 1241 4084 impetum
1259 3986 1411 4083 propul-

270 4118 364 4193 savit
375 4115 565 4214 multoque
578 4143 678 4192 nunc
691 4119 802 4192 etiem
814 4118 960 4213 saepius
972 4143 1082 4212 quem
1092 4116 1250 4225 'alterum
1261 4116 1408 4212 legitur,

270 4257 466 4342 postquem
480 4245 663 4342 patefacta
675 4257 731 4322 est
743 4247 780 4320 R
793 4248 1001 4323 correctoris
1016 4245 1176 4342 Aldique
1195 4247 1256 4320 vel
1273 4247 1412 4320 utrius-

272 4401 343 4471 que
362 4378 557 4450 coniunctu
573 4377 613 4452 in
630 4401 675 4450 ee
701 4377 918 4470 extirpando
941 4377 1122 4453 industrie
1143 4402 1208 4470 per
1229 4385 1411 4449 exuemos

272 4507 430 4578 maxime
447 4506 558 4580 libros
576 4515 747 4602 grassata.
793 4508 920 4600 itaque
937 4531 984 4577 ex
1004 4506 1146 4600 ingenti
1171 4505 1411 4577 multitudine
