<?xml version="1.0" encoding="UTF-8"?>
<!DOCTYPE html PUBLIC "-//W3C//DTD XHTML 1.0 Transitional//EN"
    "http://www.w3.org/TR/xhtml1/DTD/xhtml1-transitional.dtd">
<html xmlns="http://www.w3.org/1999/xhtml" xml:lang="en" lang="en">
 <head>
  <title>
</title>
<meta http-equiv="Content-Type" content="text/html;charset=utf-8" />
  <meta name='ocr-system' content='tesseract 3.04.00' />
  <meta name='ocr-capabilities' content='ocr_page ocr_carea ocr_par ocr_line ocrx_word'/>
</head>
<body>
  <div class='ocr_page' id='page_1' title='image "./herodotihistori01steigoog_0041.png"; bbox 0 0 3175 5092; ppageno 0'>
   <div class='ocr_carea' id='block_1_1' title="bbox 659 349 1304 418">
    <p class='ocr_par' dir='ltr' id='par_1_1' title="bbox 659 349 1304 418">
     <span class='ocr_line' id='line_1_1' title="bbox 659 349 1304 418; baseline -0.005 -10"><span class='ocrx_word' id='word_1_1' title='bbox 659 349 806 408; x_wconf 78' lang='lat' dir='ltr'><strong>Praelatio.</strong></span> <span class='ocrx_word' id='word_1_2' title='bbox 1209 372 1304 418; x_wconf 70' lang='lat' dir='ltr'><strong>xxxv</strong></span> 
     </span>
    </p>
   </div>
   <div class='ocr_carea' id='block_1_2' title="bbox 125 525 1418 4588">
    <p class='ocr_par' dir='ltr' id='par_1_2' title="bbox 125 525 1418 3810">
     <span class='ocr_line' id='line_1_2' title="bbox 165 525 1304 622; baseline 0.004 -25"><span class='ocrx_word' id='word_1_3' title='bbox 165 549 301 619; x_wconf 83' lang='lat' dir='ltr'>genere</span> <span class='ocrx_word' id='word_1_4' title='bbox 318 551 361 598; x_wconf 88' lang='lat' dir='ltr'><strong>ae</strong></span> <span class='ocrx_word' id='word_1_5' title='bbox 376 527 478 601; x_wconf 81' lang='lat' dir='ltr'><strong>uitiis</strong></span> <span class='ocrx_word' id='word_1_6' title='bbox 495 551 621 600; x_wconf 89' lang='lat' dir='ltr'><strong>eorum</strong></span> <span class='ocrx_word' id='word_1_7' title='bbox 639 525 834 614; x_wconf 76' lang='lat' dir='ltr'><strong>simillimi,</strong></span> <span class='ocrx_word' id='word_1_8' title='bbox 856 526 984 622; x_wconf 87' lang='lat' dir='ltr'><strong>quales</strong></span> <span class='ocrx_word' id='word_1_9' title='bbox 1000 534 1039 602; x_wconf 90' lang='lat' dir='ltr'><strong>et</strong></span> <span class='ocrx_word' id='word_1_10' title='bbox 1055 551 1076 598; x_wconf 84' lang='grc' dir='ltr'>υ</span> <span class='ocrx_word' id='word_1_11' title='bbox 1094 527 1304 621; x_wconf 88' lang='lat' dir='ltr'><strong>multosque</strong></span> 
     </span>
     <span class='ocr_line' id='line_1_3' title="bbox 165 638 1418 752; baseline 0.003 -28"><span class='ocrx_word' id='word_1_12' title='bbox 165 662 356 746; x_wconf 83' lang='lat' dir='ltr'><strong>praeterea</strong></span> <span class='ocrx_word' id='word_1_13' title='bbox 384 663 423 728; x_wconf 92' lang='lat' dir='ltr'><strong>et</strong></span> <span class='ocrx_word' id='word_1_14' title='bbox 446 679 563 730; x_wconf 91' lang='lat' dir='ltr'><strong>unum</strong></span> <span class='ocrx_word' id='word_1_15' title='bbox 594 681 643 728; x_wconf 84' lang='lat' dir='ltr'><strong>ex</strong></span> <span class='ocrx_word' id='word_1_16' title='bbox 670 645 926 730; x_wconf 85' lang='lat' dir='ltr'><strong>Ambrosianis</strong></span> <span class='ocrx_word' id='word_1_17' title='bbox 952 655 997 751; x_wconf 89' lang='lat' dir='ltr'><strong>(v.</strong></span> <span class='ocrx_word' id='word_1_18' title='bbox 1023 681 1137 749; x_wconf 86' lang='lat' dir='ltr'><strong>supra</strong></span> <span class='ocrx_word' id='word_1_19' title='bbox 1156 681 1194 751; x_wconf 92' lang='lat' dir='ltr'><strong>p.</strong></span> <span class='ocrx_word' id='word_1_20' title='bbox 1213 656 1303 752; x_wconf 83' lang='lat' dir='ltr'><strong>XV)</strong></span> <span class='ocrx_word' id='word_1_21' title='bbox 1415 638 1418 644; x_wconf 38' lang='lat'>⁵</span> 
     </span>
     <span class='ocr_line' id='line_1_4' title="bbox 166 783 1303 880; baseline 0.005 -27"><span class='ocrx_word' id='word_1_22' title='bbox 166 783 416 877; x_wconf 84' lang='lat' dir='ltr'><strong>eognovimus.</strong></span> <span class='ocrx_word' id='word_1_23' title='bbox 476 793 513 856; x_wconf 90' lang='lat' dir='ltr'><strong>et</strong></span> <span class='ocrx_word' id='word_1_24' title='bbox 537 809 577 880; x_wconf 83' lang='lat' dir='ltr'><strong>q,</strong></span> <span class='ocrx_word' id='word_1_25' title='bbox 602 809 652 858; x_wconf 89' lang='lat' dir='ltr'><strong>ex</strong></span> <span class='ocrx_word' id='word_1_26' title='bbox 679 784 718 858; x_wconf 92' lang='lat' dir='ltr'><em>P</em></span> <span class='ocrx_word' id='word_1_27' title='bbox 739 784 944 858; x_wconf 85' lang='lat' dir='ltr'><strong>derivatum</strong></span> <span class='ocrx_word' id='word_1_28' title='bbox 975 809 1051 859; x_wconf 88' lang='lat' dir='ltr'><strong>non</strong></span> <span class='ocrx_word' id='word_1_29' title='bbox 1074 783 1193 859; x_wconf 85' lang='lat' dir='ltr'><strong>multa</strong></span> <span class='ocrx_word' id='word_1_30' title='bbox 1219 809 1303 859; x_wconf 87' lang='lat' dir='ltr'><strong>eum</strong></span> 
     </span>
     <span class='ocr_line' id='line_1_5' title="bbox 165 911 1304 1008; baseline 0.004 -26"><span class='ocrx_word' id='word_1_31' title='bbox 165 912 238 986; x_wconf 90' lang='lat' dir='ltr'><strong>fide</strong></span> <span class='ocrx_word' id='word_1_32' title='bbox 258 937 300 984; x_wconf 88' lang='lat' dir='ltr'><strong>ac</strong></span> <span class='ocrx_word' id='word_1_33' title='bbox 317 936 414 994; x_wconf 84' lang='lat' dir='ltr'><strong>cura,</strong></span> <span class='ocrx_word' id='word_1_34' title='bbox 441 911 633 1007; x_wconf 82' lang='lat' dir='ltr'><strong>aliquanto</strong></span> <span class='ocrx_word' id='word_1_35' title='bbox 649 912 763 986; x_wconf 87' lang='lat' dir='ltr'><strong>etiam</strong></span> <span class='ocrx_word' id='word_1_36' title='bbox 780 913 927 1007; x_wconf 81' lang='lat' dir='ltr'><strong>saepius</strong></span> <span class='ocrx_word' id='word_1_37' title='bbox 948 914 1304 1008; x_wconf 76' lang='lat' dir='ltr'>deprehenderemus</span> 
     </span>
     <span class='ocr_line' id='line_1_6' title="bbox 164 1037 1303 1137; baseline 0.004 -27"><span class='ocrx_word' id='word_1_38' title='bbox 164 1037 309 1114; x_wconf 83' lang='lat' dir='ltr'><strong>fontem</strong></span> <span class='ocrx_word' id='word_1_39' title='bbox 327 1065 406 1116; x_wconf 86' lang='lat' dir='ltr'><strong>esse</strong></span> <span class='ocrx_word' id='word_1_40' title='bbox 424 1039 593 1116; x_wconf 85' lang='lat' dir='ltr'><strong>lectionis</strong></span> <span class='ocrx_word' id='word_1_41' title='bbox 610 1040 785 1128; x_wconf 83' lang='lat' dir='ltr'><strong>Aldinae,</strong></span> <span class='ocrx_word' id='word_1_42' title='bbox 812 1043 845 1119; x_wconf 93' lang='lat' dir='ltr'><strong>si</strong></span> <span class='ocrx_word' id='word_1_43' title='bbox 862 1041 1078 1137; x_wconf 82' lang='lat' dir='ltr'><strong>diligentius</strong></span> <span class='ocrx_word' id='word_1_44' title='bbox 1096 1067 1139 1114; x_wconf 86' lang='lat' dir='ltr'><strong>ae</strong></span> <span class='ocrx_word' id='word_1_45' title='bbox 1155 1041 1303 1136; x_wconf 78' lang='lat' dir='ltr'><strong>plenius</strong></span> 
     </span>
     <span class='ocr_line' id='line_1_7' title="bbox 165 1167 1304 1264; baseline 0.003 -26"><span class='ocrx_word' id='word_1_46' title='bbox 165 1168 387 1244; x_wconf 82' lang='lat' dir='ltr'><strong>haberemus</strong></span> <span class='ocrx_word' id='word_1_47' title='bbox 404 1171 641 1264; x_wconf 83' lang='lat' dir='ltr'><strong>exscriptum.</strong></span> <span class='ocrx_word' id='word_1_48' title='bbox 676 1167 952 1248; x_wconf 81' lang='lat' dir='ltr'><strong>Sanoroftiauus</strong></span> <span class='ocrx_word' id='word_1_49' title='bbox 969 1178 1092 1244; x_wconf 84' lang='lat' dir='ltr'><strong>autem</strong></span> <span class='ocrx_word' id='word_1_50' title='bbox 1111 1171 1189 1247; x_wconf 83' lang='lat' dir='ltr'><strong>sire</strong></span> <span class='ocrx_word' id='word_1_51' title='bbox 1206 1170 1304 1242; x_wconf 80' lang='lat' dir='ltr'><strong>can-</strong></span> 
     </span>
     <span class='ocr_line' id='line_1_8' title="bbox 164 1297 1304 1392; baseline 0.003 -23"><span class='ocrx_word' id='word_1_52' title='bbox 164 1297 413 1391; x_wconf 79' lang='lat' dir='ltr'><strong>tabrigiensis,</strong></span> <span class='ocrx_word' id='word_1_53' title='bbox 439 1323 550 1392; x_wconf 89' lang='lat' dir='ltr'><strong>quem</strong></span> <span class='ocrx_word' id='word_1_54' title='bbox 570 1323 791 1386; x_wconf 72' lang='lat' dir='ltr'><strong>sumamus,</strong></span> <span class='ocrx_word' id='word_1_55' title='bbox 816 1306 872 1371; x_wconf 86' lang='lat' dir='ltr'><strong>tot</strong></span> <span class='ocrx_word' id='word_1_56' title='bbox 897 1297 987 1373; x_wconf 90' lang='lat' dir='ltr'><strong>olim</strong></span> <span class='ocrx_word' id='word_1_57' title='bbox 1012 1299 1304 1372; x_wconf 78' lang='lat' dir='ltr'><strong>doctissimorum</strong></span> 
     </span>
     <span class='ocr_line' id='line_1_9' title="bbox 165 1424 1305 1522; baseline 0.003 -24"><span class='ocrx_word' id='word_1_58' title='bbox 165 1425 362 1500; x_wconf 87' lang='lat' dir='ltr'><strong>bominum</strong></span> <span class='ocrx_word' id='word_1_59' title='bbox 379 1425 552 1500; x_wconf 80' lang='lat' dir='ltr'><strong>laudibus</strong></span> <span class='ocrx_word' id='word_1_60' title='bbox 571 1426 788 1502; x_wconf 80' lang='lat' dir='ltr'><strong>nobilitatus</strong></span> <span class='ocrx_word' id='word_1_61' title='bbox 806 1435 918 1522; x_wconf 85' lang='lat' dir='ltr'><strong>atque</strong></span> <span class='ocrx_word' id='word_1_62' title='bbox 935 1424 1182 1503; x_wconf 83' lang='lat' dir='ltr'><strong>aGaisiordio</strong></span> <span class='ocrx_word' id='word_1_63' title='bbox 1198 1427 1305 1521; x_wconf 89' lang='lat' dir='ltr'><strong>peni·</strong></span> 
     </span>
     <span class='ocr_line' id='line_1_10' title="bbox 166 1555 1305 1652; baseline 0.003 -28"><span class='ocrx_word' id='word_1_64' title='bbox 166 1563 227 1624; x_wconf 87' lang='lat' dir='ltr'><strong>tus</strong></span> <span class='ocrx_word' id='word_1_65' title='bbox 252 1577 440 1640; x_wconf 73' lang='lat' dir='ltr'><strong>excusatu,</strong></span> <span class='ocrx_word' id='word_1_66' title='bbox 468 1563 611 1648; x_wconf 85' lang='lat' dir='ltr'><strong>praeter</strong></span> <span class='ocrx_word' id='word_1_67' title='bbox 636 1579 717 1630; x_wconf 88' lang='lat' dir='ltr'><strong>eam</strong></span> <span class='ocrx_word' id='word_1_68' title='bbox 739 1579 835 1649; x_wconf 83' lang='lat' dir='ltr'><strong>quae</strong></span> <span class='ocrx_word' id='word_1_69' title='bbox 859 1556 900 1630; x_wconf 90' lang='lat' dir='ltr'><strong>in</strong></span> <span class='ocrx_word' id='word_1_70' title='bbox 918 1555 955 1626; x_wconf 89' lang='lat' dir='ltr'><strong><em>R</em></strong></span> <span class='ocrx_word' id='word_1_71' title='bbox 978 1563 1083 1628; x_wconf 83' lang='lat' dir='ltr'><strong>extat</strong></span> <span class='ocrx_word' id='word_1_72' title='bbox 1103 1555 1305 1652; x_wconf 77' lang='lat' dir='ltr'><strong>interpola-</strong></span> 
     </span>
     <span class='ocr_line' id='line_1_11' title="bbox 166 1681 1305 1778; baseline 0.005 -26"><span class='ocrx_word' id='word_1_73' title='bbox 166 1682 329 1768; x_wconf 87' lang='lat' dir='ltr'><strong>tionem,</strong></span> <span class='ocrx_word' id='word_1_74' title='bbox 354 1681 554 1776; x_wconf 86' lang='lat' dir='ltr'><strong>dupliciter</strong></span> <span class='ocrx_word' id='word_1_75' title='bbox 580 1691 761 1758; x_wconf 85' lang='lat' dir='ltr'><strong>correctus</strong></span> <span class='ocrx_word' id='word_1_76' title='bbox 786 1692 853 1756; x_wconf 87' lang='lat' dir='ltr'><strong>est.</strong></span> <span class='ocrx_word' id='word_1_77' title='bbox 894 1707 981 1756; x_wconf 85' lang='lat' dir='ltr'><strong>nam</strong></span> <span class='ocrx_word' id='word_1_78' title='bbox 1004 1693 1044 1756; x_wconf 93' lang='lat' dir='ltr'><strong>et</strong></span> <span class='ocrx_word' id='word_1_79' title='bbox 1067 1681 1187 1761; x_wconf 86' lang='lat' dir='ltr'><strong>multa</strong></span> <span class='ocrx_word' id='word_1_80' title='bbox 1210 1709 1305 1778; x_wconf 86' lang='lat' dir='ltr'><strong>quae</strong></span> 
     </span>
     <span class='ocr_line' id='line_1_12' title="bbox 167 1810 1305 1906; baseline 0.011 -26"><span class='ocrx_word' id='word_1_81' title='bbox 167 1811 209 1882; x_wconf 93' lang='lat' dir='ltr'><strong>in</strong></span> <span class='ocrx_word' id='word_1_82' title='bbox 233 1810 272 1880; x_wconf 87' lang='lat' dir='ltr'><strong><em>R</em></strong></span> <span class='ocrx_word' id='word_1_83' title='bbox 297 1812 472 1885; x_wconf 87' lang='lat' dir='ltr'><strong>mendosa</strong></span> <span class='ocrx_word' id='word_1_84' title='bbox 495 1810 671 1906; x_wconf 67' lang='lat' dir='ltr'><strong>legantur</strong></span> <span class='ocrx_word' id='word_1_85' title='bbox 702 1837 744 1884; x_wconf 86' lang='lat' dir='ltr'><strong>ae</strong></span> <span class='ocrx_word' id='word_1_86' title='bbox 775 1821 924 1905; x_wconf 87' lang='lat' dir='ltr'><strong>stupore</strong></span> <span class='ocrx_word' id='word_1_87' title='bbox 954 1811 1098 1887; x_wconf 86' lang='lat' dir='ltr'><strong>librarii</strong></span> <span class='ocrx_word' id='word_1_88' title='bbox 1123 1821 1305 1906; x_wconf 64' lang='lat' dir='ltr'><strong>camapio,</strong></span> 
     </span>
     <span class='ocr_line' id='line_1_13' title="bbox 165 1937 1307 2021; baseline 0.011 -13"><span class='ocrx_word' id='word_1_89' title='bbox 165 1938 233 2012; x_wconf 91' lang='lat' dir='ltr'><strong>ille</strong></span> <span class='ocrx_word' id='word_1_90' title='bbox 251 1941 446 2014; x_wconf 86' lang='lat' dir='ltr'><strong>emendata</strong></span> <span class='ocrx_word' id='word_1_91' title='bbox 458 1941 613 2016; x_wconf 85' lang='lat' dir='ltr'><strong>exhibet</strong></span> <span class='ocrx_word' id='word_1_92' title='bbox 628 1941 693 2014; x_wconf 87' lang='lat' dir='ltr'><strong>sed</strong></span> <span class='ocrx_word' id='word_1_93' title='bbox 710 1937 854 2014; x_wconf 84' lang='lat' dir='ltr'><strong>infelici</strong></span> <span class='ocrx_word' id='word_1_94' title='bbox 871 1939 947 2016; x_wconf 85' lang='lat' dir='ltr'><strong>fere</strong></span> <span class='ocrx_word' id='word_1_95' title='bbox 964 1966 1007 2016; x_wconf 86' lang='lat' dir='ltr'><strong>ac</strong></span> <span class='ocrx_word' id='word_1_96' title='bbox 1022 1940 1179 2019; x_wconf 86' lang='lat' dir='ltr'><strong>ridiculo</strong></span> <span class='ocrx_word' id='word_1_97' title='bbox 1196 1965 1307 2021; x_wconf 74' lang='lat' dir='ltr'><strong>cona-</strong></span> 
     </span>
     <span class='ocr_line' id='line_1_14' title="bbox 167 2067 1306 2156; baseline 0.003 -17"><span class='ocrx_word' id='word_1_98' title='bbox 167 2079 222 2152; x_wconf 85' lang='lat' dir='ltr'><strong>tu,</strong></span> <span class='ocrx_word' id='word_1_99' title='bbox 242 2075 284 2140; x_wconf 91' lang='lat' dir='ltr'><strong>ut</strong></span> <span class='ocrx_word' id='word_1_100' title='bbox 301 2092 350 2141; x_wconf 83' lang='lat' dir='ltr'><strong>ex</strong></span> <span class='ocrx_word' id='word_1_101' title='bbox 369 2067 405 2140; x_wconf 87' lang='lat' dir='ltr'><em>R</em></span> <span class='ocrx_word' id='word_1_102' title='bbox 422 2068 575 2141; x_wconf 87' lang='lat' dir='ltr'><strong>fluxisse</strong></span> <span class='ocrx_word' id='word_1_103' title='bbox 592 2069 693 2144; x_wconf 75' lang='lat' dir='ltr'><strong>himo</strong></span> <span class='ocrx_word' id='word_1_104' title='bbox 710 2069 928 2156; x_wconf 62' lang='lat' dir='ltr'><strong>conicerem,</strong></span> <span class='ocrx_word' id='word_1_105' title='bbox 953 2069 1025 2142; x_wconf 90' lang='lat' dir='ltr'><strong>nisi</strong></span> <span class='ocrx_word' id='word_1_106' title='bbox 1043 2077 1166 2142; x_wconf 89' lang='lat' dir='ltr'><strong>essent</strong></span> <span class='ocrx_word' id='word_1_107' title='bbox 1183 2077 1306 2145; x_wconf 87' lang='lat' dir='ltr'><strong>tamen</strong></span> 
     </span>
     <span class='ocr_line' id='line_1_15' title="bbox 166 2195 1308 2292; baseline 0.001 -23"><span class='ocrx_word' id='word_1_108' title='bbox 166 2219 262 2288; x_wconf 88' lang='lat' dir='ltr'><strong>quae</strong></span> <span class='ocrx_word' id='word_1_109' title='bbox 281 2219 330 2269; x_wconf 81' lang='lat' dir='ltr'><strong>ex</strong></span> <span class='ocrx_word' id='word_1_110' title='bbox 354 2195 544 2268; x_wconf 90' lang='lat' dir='ltr'><strong>simillimo</strong></span> <span class='ocrx_word' id='word_1_111' title='bbox 569 2197 693 2290; x_wconf 85' lang='lat' dir='ltr'><strong>potius</strong></span> <span class='ocrx_word' id='word_1_112' title='bbox 719 2221 832 2290; x_wconf 89' lang='lat' dir='ltr'><strong>quam</strong></span> <span class='ocrx_word' id='word_1_113' title='bbox 848 2196 916 2272; x_wconf 92' lang='lat' dir='ltr'><strong>illo</strong></span> <span class='ocrx_word' id='word_1_114' title='bbox 933 2198 1015 2292; x_wconf 91' lang='lat' dir='ltr'><strong>ipso</strong></span> <span class='ocrx_word' id='word_1_115' title='bbox 1031 2195 1204 2291; x_wconf 84' lang='lat' dir='ltr'><strong>exemplo</strong></span> <span class='ocrx_word' id='word_1_116' title='bbox 1221 2223 1308 2292; x_wconf 90' lang='lat' dir='ltr'><strong>pro-</strong></span> 
     </span>
     <span class='ocr_line' id='line_1_16' title="bbox 167 2323 1305 2421; baseline 0.004 -27"><span class='ocrx_word' id='word_1_117' title='bbox 167 2323 312 2399; x_wconf 88' lang='lat' dir='ltr'><strong>venisse</strong></span> <span class='ocrx_word' id='word_1_118' title='bbox 340 2325 554 2398; x_wconf 88' lang='lat' dir='ltr'><strong>suaderent:</strong></span> <span class='ocrx_word' id='word_1_119' title='bbox 581 2333 619 2404; x_wconf 88' lang='lat' dir='ltr'><strong>et</strong></span> <span class='ocrx_word' id='word_1_120' title='bbox 643 2349 729 2398; x_wconf 84' lang='lat' dir='ltr'><strong>vero</strong></span> <span class='ocrx_word' id='word_1_121' title='bbox 754 2349 838 2399; x_wconf 87' lang='lat' dir='ltr'><strong>cum</strong></span> <span class='ocrx_word' id='word_1_122' title='bbox 864 2351 982 2419; x_wconf 77' lang='lat' dir='ltr'><strong>pausa</strong></span> <span class='ocrx_word' id='word_1_123' title='bbox 1009 2327 1189 2421; x_wconf 79' lang='lat' dir='ltr'><strong>quaedam</strong></span> <span class='ocrx_word' id='word_1_124' title='bbox 1215 2327 1305 2400; x_wconf 83' lang='lat' dir='ltr'><strong>saite</strong></span> 
     </span>
     <span class='ocr_line' id='line_1_17' title="bbox 168 2450 1305 2548; baseline 0.005 -26"><span class='ocrx_word' id='word_1_125' title='bbox 168 2452 332 2535; x_wconf 85' lang='lat' dir='ltr'><strong>inventa,</strong></span> <span class='ocrx_word' id='word_1_126' title='bbox 352 2452 444 2524; x_wconf 89' lang='lat' dir='ltr'><strong>utB</strong></span> <span class='ocrx_word' id='word_1_127' title='bbox 467 2453 537 2524; x_wconf 82' lang='lat'><strong>170</strong></span> <span class='ocrx_word' id='word_1_128' title='bbox 555 2451 726 2548; x_wconf 75' lang='grc' dir='ltr'>ἐχόμεναι,</span> <span class='ocrx_word' id='word_1_129' title='bbox 754 2450 781 2523; x_wconf 90' lang='grc' dir='ltr'>Δ</span> <span class='ocrx_word' id='word_1_130' title='bbox 805 2454 871 2525; x_wconf 81' lang='grc'><strong>121</strong></span> <span class='ocrx_word' id='word_1_131' title='bbox 893 2454 1014 2538; x_wconf 77' lang='grc' dir='ltr'>πάσας,</span> <span class='ocrx_word' id='word_1_132' title='bbox 1036 2450 1049 2526; x_wconf 96' lang='lat' dir='ltr'><strong>l</strong></span> <span class='ocrx_word' id='word_1_133' title='bbox 1072 2455 1144 2530; x_wconf 82' lang='lat'><strong>122</strong></span> <span class='ocrx_word' id='word_1_134' title='bbox 1163 2454 1216 2538; x_wconf 84' lang='grc' dir='ltr'><strong>σύ,</strong></span> <span class='ocrx_word' id='word_1_135' title='bbox 1239 2465 1305 2528; x_wconf 88' lang='lat' dir='ltr'><strong>aut</strong></span> 
     </span>
     <span class='ocr_line' id='line_1_18' title="bbox 167 2578 1302 2680; baseline 0 -28"><span class='ocrx_word' id='word_1_136' title='bbox 167 2581 283 2654; x_wconf 84' lang='lat' dir='ltr'><strong>etiam</strong></span> <span class='ocrx_word' id='word_1_137' title='bbox 299 2579 462 2674; x_wconf 82' lang='lat' dir='ltr'><strong>expleta,</strong></span> <span class='ocrx_word' id='word_1_138' title='bbox 478 2589 520 2654; x_wconf 87' lang='lat' dir='ltr'><strong>ut</strong></span> <span class='ocrx_word' id='word_1_139' title='bbox 537 2579 606 2654; x_wconf 89' lang='lat' dir='ltr'><strong>illa</strong></span> <span class='ocrx_word' id='word_1_140' title='bbox 619 2580 651 2654; x_wconf 94' lang='lat' dir='ltr'><strong>B</strong></span> <span class='ocrx_word' id='word_1_141' title='bbox 665 2582 736 2654; x_wconf 81' lang='lat'><strong>175</strong></span> <span class='ocrx_word' id='word_1_142' title='bbox 754 2583 792 2653; x_wconf 82' lang='grc' dir='ltr'><strong>τὸ</strong></span> <span class='ocrx_word' id='word_1_143' title='bbox 809 2578 849 2652; x_wconf 74' lang='grc' dir='ltr'><strong>δὲ</strong></span> <span class='ocrx_word' id='word_1_144' title='bbox 866 2581 965 2680; x_wconf 75' lang='grc' dir='ltr'><strong>εὖρος</strong></span> <span class='ocrx_word' id='word_1_145' title='bbox 981 2580 1134 2653; x_wconf 78' lang='grc' dir='ltr'>δυώδεκα</span> <span class='ocrx_word' id='word_1_146' title='bbox 1150 2581 1302 2679; x_wconf 67' lang='grc' dir='ltr'><strong>πηχέων,</strong></span> 
     </span>
     <span class='ocr_line' id='line_1_19' title="bbox 168 2707 1304 2804; baseline 0.004 -26"><span class='ocrx_word' id='word_1_147' title='bbox 168 2717 247 2781; x_wconf 86' lang='lat' dir='ltr'><strong>tum</strong></span> <span class='ocrx_word' id='word_1_148' title='bbox 272 2707 383 2802; x_wconf 83' lang='lat' dir='ltr'><strong>longe</strong></span> <span class='ocrx_word' id='word_1_149' title='bbox 409 2707 518 2803; x_wconf 85' lang='lat' dir='ltr'><strong>plura</strong></span> <span class='ocrx_word' id='word_1_150' title='bbox 542 2708 722 2804; x_wconf 84' lang='lat' dir='ltr'><strong>flagitiose</strong></span> <span class='ocrx_word' id='word_1_151' title='bbox 747 2710 956 2803; x_wconf 85' lang='lat' dir='ltr'><strong>depravata.</strong></span> <span class='ocrx_word' id='word_1_152' title='bbox 996 2733 1073 2803; x_wconf 76' lang='lat' dir='ltr'><strong>quo</strong></span> <span class='ocrx_word' id='word_1_153' title='bbox 1096 2735 1145 2782; x_wconf 82' lang='lat' dir='ltr'><strong>ex</strong></span> <span class='ocrx_word' id='word_1_154' title='bbox 1170 2733 1304 2804; x_wconf 83' lang='lat' dir='ltr'><strong>genere</strong></span> 
     </span>
     <span class='ocr_line' id='line_1_20' title="bbox 125 2825 1305 2932; baseline 0.003 -24"><span class='ocrx_word' id='word_1_155' title='bbox 125 2859 132 2876; x_wconf 77' lang='grc'><strong>’</strong></span> <span class='ocrx_word' id='word_1_156' title='bbox 166 2859 286 2909; x_wconf 88' lang='lat' dir='ltr'><strong>unum</strong></span> <span class='ocrx_word' id='word_1_157' title='bbox 313 2825 502 2932; x_wconf 67' lang='lat' dir='ltr'><strong>&#39;Aomdrso</strong></span> <span class='ocrx_word' id='word_1_158' title='bbox 534 2838 677 2918; x_wconf 79' lang='lat' dir='ltr'><strong>assidue</strong></span> <span class='ocrx_word' id='word_1_159' title='bbox 714 2861 783 2910; x_wconf 89' lang='lat' dir='ltr'><strong>nec</strong></span> <span class='ocrx_word' id='word_1_160' title='bbox 816 2846 941 2916; x_wconf 87' lang='lat' dir='ltr'><strong>tamen</strong></span> <span class='ocrx_word' id='word_1_161' title='bbox 971 2838 1111 2931; x_wconf 83' lang='lat' dir='ltr'><strong>ubique</strong></span> <span class='ocrx_word' id='word_1_162' title='bbox 1141 2839 1228 2912; x_wconf 86' lang='lat' dir='ltr'><strong>inde</strong></span> <span class='ocrx_word' id='word_1_163' title='bbox 1257 2839 1305 2924; x_wconf 81' lang='lat' dir='ltr'><strong>ab</strong></span> 
     </span>
     <span class='ocr_line' id='line_1_21' title="bbox 169 2953 1307 3060; baseline 0.006 -28"><span class='ocrx_word' id='word_1_164' title='bbox 169 2959 268 3036; x_wconf 72' lang='grc'>1146</span> <span class='ocrx_word' id='word_1_165' title='bbox 295 2986 360 3056; x_wconf 90' lang='lat' dir='ltr'><strong>pro</strong></span> <span class='ocrx_word' id='word_1_166' title='bbox 381 2953 580 3060; x_wconf 75' lang='grc' dir='ltr'>Ἀστυάγεος</span> <span class='ocrx_word' id='word_1_167' title='bbox 614 2965 802 3038; x_wconf 80' lang='lat' dir='ltr'><strong>invectum</strong></span> <span class='ocrx_word' id='word_1_168' title='bbox 826 2989 1089 3053; x_wconf 82' lang='lat' dir='ltr'><strong>commemoro,</strong></span> <span class='ocrx_word' id='word_1_169' title='bbox 1114 2972 1307 3060; x_wconf 88' lang='lat' dir='ltr'><strong>propterea</strong></span> 
     </span>
     <span class='ocr_line' id='line_1_22' title="bbox 167 3089 1304 3185; baseline -0.003 -19"><span class='ocrx_word' id='word_1_170' title='bbox 167 3093 266 3184; x_wconf 89' lang='lat' dir='ltr'><strong>quod</strong></span> <span class='ocrx_word' id='word_1_171' title='bbox 292 3092 378 3164; x_wconf 90' lang='lat' dir='ltr'><strong>inde</strong></span> <span class='ocrx_word' id='word_1_172' title='bbox 406 3117 428 3164; x_wconf 84' lang='lat' dir='ltr'><strong>a</strong></span> <span class='ocrx_word' id='word_1_173' title='bbox 452 3089 647 3166; x_wconf 83' lang='lat' dir='ltr'><strong>Sohaefero</strong></span> <span class='ocrx_word' id='word_1_174' title='bbox 671 3093 768 3166; x_wconf 89' lang='lat' dir='ltr'><strong>idem</strong></span> <span class='ocrx_word' id='word_1_175' title='bbox 798 3091 895 3166; x_wconf 86' lang='lat' dir='ltr'><strong>illud</strong></span> <span class='ocrx_word' id='word_1_176' title='bbox 918 3095 1120 3166; x_wconf 84' lang='lat' dir='ltr'><strong>editoribus</strong></span> <span class='ocrx_word' id='word_1_177' title='bbox 1145 3093 1304 3185; x_wconf 84' lang='lat' dir='ltr'><strong>placuit:</strong></span> 
     </span>
     <span class='ocr_line' id='line_1_23' title="bbox 166 3216 1301 3317; baseline -0.002 -25"><span class='ocrx_word' id='word_1_178' title='bbox 166 3245 216 3292; x_wconf 86' lang='lat' dir='ltr'><strong>ex</strong></span> <span class='ocrx_word' id='word_1_179' title='bbox 242 3221 501 3297; x_wconf 71' lang='lat' dir='ltr'><strong>additamentis</strong></span> <span class='ocrx_word' id='word_1_180' title='bbox 527 3229 651 3297; x_wconf 87' lang='lat' dir='ltr'><strong>autem</strong></span> <span class='ocrx_word' id='word_1_181' title='bbox 674 3217 700 3292; x_wconf 88' lang='lat' dir='ltr'>Z</span> <span class='ocrx_word' id='word_1_182' title='bbox 723 3221 793 3292; x_wconf 86' lang='grc'><strong>119</strong></span> <span class='ocrx_word' id='word_1_183' title='bbox 821 3220 999 3317; x_wconf 66' lang='grc' dir='ltr'>συνάγουσι</span> <span class='ocrx_word' id='word_1_184' title='bbox 1021 3220 1057 3293; x_wconf 76' lang='grc' dir='ltr'><strong>ἐν</strong></span> <span class='ocrx_word' id='word_1_185' title='bbox 1083 3216 1229 3316; x_wconf 65' lang='grc' dir='ltr'><strong>ἀγγείοις</strong></span> <span class='ocrx_word' id='word_1_186' title='bbox 1252 3221 1301 3304; x_wconf 84' lang='grc' dir='ltr'><strong>τό,</strong></span> 
     </span>
     <span class='ocr_line' id='line_1_24' title="bbox 167 3347 1306 3454; baseline 0.002 -34"><span class='ocrx_word' id='word_1_187' title='bbox 167 3349 268 3442; x_wconf 90' lang='lat' dir='ltr'><strong>quod</strong></span> <span class='ocrx_word' id='word_1_188' title='bbox 295 3371 421 3422; x_wconf 82' lang='lat' dir='ltr'><strong>omnes</strong></span> <span class='ocrx_word' id='word_1_189' title='bbox 444 3373 559 3442; x_wconf 88' lang='lat' dir='ltr'><strong>usque</strong></span> <span class='ocrx_word' id='word_1_190' title='bbox 575 3351 625 3430; x_wconf 81' lang='lat' dir='ltr'><strong>ab</strong></span> <span class='ocrx_word' id='word_1_191' title='bbox 640 3347 780 3422; x_wconf 84' lang='lat' dir='ltr'><strong>Aldina</strong></span> <span class='ocrx_word' id='word_1_192' title='bbox 804 3349 941 3454; x_wconf 80' lang='lat' dir='ltr'><strong>insedit</strong></span> <span class='ocrx_word' id='word_1_193' title='bbox 965 3349 1159 3426; x_wconf 72' lang='lat' dir='ltr'><strong>editiones.</strong></span> <span class='ocrx_word' id='word_1_194' title='bbox 1194 3356 1306 3442; x_wconf 87' lang='lat' dir='ltr'><strong>atque</strong></span> 
     </span>
     <span class='ocr_line' id='line_1_25' title="bbox 168 3476 1307 3572; baseline -0.004 -19"><span class='ocrx_word' id='word_1_195' title='bbox 168 3480 297 3553; x_wconf 83' lang='lat' dir='ltr'><strong>eadem</strong></span> <span class='ocrx_word' id='word_1_196' title='bbox 325 3501 455 3551; x_wconf 83' lang='lat' dir='ltr'><strong>manus</strong></span> <span class='ocrx_word' id='word_1_197' title='bbox 480 3485 686 3550; x_wconf 81' lang='lat' dir='ltr'><strong>mutaverat</strong></span> <span class='ocrx_word' id='word_1_198' title='bbox 711 3476 839 3572; x_wconf 87' lang='lat' dir='ltr'><strong>aliqua</strong></span> <span class='ocrx_word' id='word_1_199' title='bbox 862 3479 909 3550; x_wconf 87' lang='lat' dir='ltr'><strong>ad</strong></span> <span class='ocrx_word' id='word_1_200' title='bbox 930 3477 1112 3553; x_wconf 81' lang='lat' dir='ltr'><strong>Ooodieis</strong></span> <span class='ocrx_word' id='word_1_201' title='bbox 1132 3476 1307 3550; x_wconf 81' lang='lat' dir='ltr'><strong>similitu-</strong></span> 
     </span>
     <span class='ocr_line' id='line_1_26' title="bbox 167 3578 1308 3699; baseline 0.003 -23"><span class='ocrx_word' id='word_1_202' title='bbox 167 3605 500 3698; x_wconf 84' lang='lat' dir='ltr'><strong>dinem‚&#39;posterior</strong></span> <span class='ocrx_word' id='word_1_203' title='bbox 514 3607 694 3699; x_wconf 85' lang='lat' dir='ltr'><strong>quaedam</strong></span> <span class='ocrx_word' id='word_1_204' title='bbox 712 3606 753 3678; x_wconf 90' lang='lat' dir='ltr'><strong>in</strong></span> <span class='ocrx_word' id='word_1_205' title='bbox 767 3578 883 3698; x_wconf 80' lang='lat' dir='ltr'><strong>ipsos</strong></span> <span class='ocrx_word' id='word_1_206' title='bbox 899 3580 1001 3678; x_wconf 77' lang='lat' dir='ltr'><strong>reete</strong></span> <span class='ocrx_word' id='word_1_207' title='bbox 1010 3613 1052 3676; x_wconf 87' lang='lat' dir='ltr'><strong>et</strong></span> <span class='ocrx_word' id='word_1_208' title='bbox 1069 3604 1308 3681; x_wconf 84' lang='lat' dir='ltr'><strong>laudabiliter</strong></span> 
     </span>
     <span class='ocr_line' id='line_1_27' title="bbox 168 3729 1304 3810; baseline -0.002 -4"><span class='ocrx_word' id='word_1_209' title='bbox 168 3733 328 3806; x_wconf 75' lang='lat' dir='ltr'><strong>surrexit</strong></span> <span class='ocrx_word' id='word_1_210' title='bbox 346 3757 514 3809; x_wconf 82' lang='lat' dir='ltr'><strong>numeros</strong></span> <span class='ocrx_word' id='word_1_211' title='bbox 532 3734 573 3806; x_wconf 90' lang='lat' dir='ltr'><strong>in</strong></span> <span class='ocrx_word' id='word_1_212' title='bbox 590 3733 720 3808; x_wconf 86' lang='lat' dir='ltr'><strong>ceteris</strong></span> <span class='ocrx_word' id='word_1_213' title='bbox 739 3733 912 3808; x_wconf 87' lang='lat' dir='ltr'><strong>omnibus</strong></span> <span class='ocrx_word' id='word_1_214' title='bbox 929 3729 1041 3810; x_wconf 83' lang='lat' dir='ltr'><strong>falsos</strong></span> <span class='ocrx_word' id='word_1_215' title='bbox 1066 3730 1093 3807; x_wconf 84' lang='grc' dir='ltr'>Γ</span> <span class='ocrx_word' id='word_1_216' title='bbox 1113 3733 1172 3806; x_wconf 80' lang='grc'><strong>95.</strong></span> <span class='ocrx_word' id='word_1_217' title='bbox 1196 3729 1225 3803; x_wconf 92' lang='grc' dir='ltr'>Δ</span> <span class='ocrx_word' id='word_1_218' title='bbox 1243 3734 1304 3806; x_wconf 77' lang='grc'><strong>85.</strong></span> 
     </span>
    </p>

    <p class='ocr_par' dir='ltr' id='par_1_3' title="bbox 169 3859 1403 4588">
     <span class='ocr_line' id='line_1_28' title="bbox 272 3859 1307 3956; baseline 0 -22"><span class='ocrx_word' id='word_1_219' title='bbox 272 3862 403 3934; x_wconf 84' lang='lat' dir='ltr'><strong>Trium</strong></span> <span class='ocrx_word' id='word_1_220' title='bbox 433 3862 547 3955; x_wconf 86' lang='lat' dir='ltr'><strong>igitur</strong></span> <span class='ocrx_word' id='word_1_221' title='bbox 577 3885 672 3956; x_wconf 87' lang='lat' dir='ltr'><strong>qnae</strong></span> <span class='ocrx_word' id='word_1_222' title='bbox 702 3861 782 3934; x_wconf 82' lang='lat' dir='ltr'><strong>dixi</strong></span> <span class='ocrx_word' id='word_1_223' title='bbox 821 3859 1078 3955; x_wconf 85' lang='lat' dir='ltr'><strong>exemplorum</strong></span> <span class='ocrx_word' id='word_1_224' title='bbox 1108 3859 1307 3934; x_wconf 82' lang='lat' dir='ltr'><strong>instructus</strong></span> 
     </span>
     <span class='ocr_line' id='line_1_29' title="bbox 170 3987 1307 4084; baseline -0.002 -19"><span class='ocrx_word' id='word_1_225' title='bbox 170 3990 355 4084; x_wconf 84' lang='lat' dir='ltr'><strong>praesidio</strong></span> <span class='ocrx_word' id='word_1_226' title='bbox 395 4011 479 4066; x_wconf 83' lang='lat' dir='ltr'><strong>cum</strong></span> <span class='ocrx_word' id='word_1_227' title='bbox 523 3987 644 4068; x_wconf 84' lang='lat' dir='ltr'><strong>Aldus</strong></span> <span class='ocrx_word' id='word_1_228' title='bbox 679 3989 874 4068; x_wconf 85' lang='lat' dir='ltr'><strong>Manutius</strong></span> <span class='ocrx_word' id='word_1_229' title='bbox 916 3991 1041 4064; x_wconf 85' lang='lat' dir='ltr'><strong>ederet</strong></span> <span class='ocrx_word' id='word_1_230' title='bbox 1077 3988 1307 4063; x_wconf 85' lang='lat' dir='ltr'><strong>Herodotum</strong></span> 
     </span>
     <span class='ocr_line' id='line_1_30' title="bbox 170 4103 1403 4212; baseline -0.004 -20"><span class='ocrx_word' id='word_1_231' title='bbox 170 4120 336 4194; x_wconf 87' lang='lat' dir='ltr'><strong>omnium</strong></span> <span class='ocrx_word' id='word_1_232' title='bbox 354 4118 494 4212; x_wconf 78' lang='lat' dir='ltr'><strong>primus</strong></span> <span class='ocrx_word' id='word_1_233' title='bbox 508 4103 693 4190; x_wconf 76' lang='lat' dir='ltr'><strong>‘venetiis</strong></span> <span class='ocrx_word' id='word_1_234' title='bbox 711 4117 752 4190; x_wconf 91' lang='lat' dir='ltr'><strong>in</strong></span> <span class='ocrx_word' id='word_1_235' title='bbox 771 4119 879 4193; x_wconf 88' lang='lat' dir='ltr'><strong>domo</strong></span> <span class='ocrx_word' id='word_1_236' title='bbox 894 4115 982 4192; x_wconf 87' lang='lat' dir='ltr'><strong>Aldi</strong></span> <span class='ocrx_word' id='word_1_237' title='bbox 1002 4141 1128 4193; x_wconf 82' lang='lat' dir='ltr'><strong>mense</strong></span> <span class='ocrx_word' id='word_1_238' title='bbox 1139 4115 1307 4210; x_wconf 49' lang='lat' dir='ltr'><strong>septem,</strong></span> <span class='ocrx_word' id='word_1_239' title='bbox 1400 4115 1403 4121; x_wconf 74' lang='grc'>’</span> 
     </span>
     <span class='ocr_line' id='line_1_31' title="bbox 170 4234 1307 4338; baseline 0 -20"><span class='ocrx_word' id='word_1_240' title='bbox 170 4248 236 4320; x_wconf 86' lang='lat' dir='ltr'><strong>bri.</strong></span> <span class='ocrx_word' id='word_1_241' title='bbox 264 4234 573 4332; x_wconf 79' lang='lat' dir='ltr'><strong>M.D11‘‚unum</strong></span> <span class='ocrx_word' id='word_1_242' title='bbox 590 4247 713 4338; x_wconf 87' lang='lat' dir='ltr'><strong>potius</strong></span> <span class='ocrx_word' id='word_1_243' title='bbox 733 4269 800 4338; x_wconf 83' lang='lat' dir='ltr'><strong>pru</strong></span> <span class='ocrx_word' id='word_1_244' title='bbox 816 4243 1055 4321; x_wconf 82' lang='lat' dir='ltr'><strong>fundamento</strong></span> <span class='ocrx_word' id='word_1_245' title='bbox 1077 4244 1263 4331; x_wconf 81' lang='lat' dir='ltr'><strong>babuerit,</strong></span> <span class='ocrx_word' id='word_1_246' title='bbox 1288 4248 1307 4318; x_wconf 82' lang='lat' dir='ltr'><strong>b</strong></span> 
     </span>
     <span class='ocr_line' id='line_1_32' title="bbox 172 4371 1306 4470; baseline -0.004 -22"><span class='ocrx_word' id='word_1_247' title='bbox 172 4397 216 4448; x_wconf 83' lang='lat' dir='ltr'><strong>au</strong></span> <span class='ocrx_word' id='word_1_248' title='bbox 241 4399 275 4470; x_wconf 87' lang='lat' dir='ltr'><strong>q,</strong></span> <span class='ocrx_word' id='word_1_249' title='bbox 300 4375 355 4449; x_wconf 83' lang='lat' dir='ltr'><strong>ito</strong></span> <span class='ocrx_word' id='word_1_250' title='bbox 372 4382 415 4449; x_wconf 86' lang='lat' dir='ltr'><strong>ut</strong></span> <span class='ocrx_word' id='word_1_251' title='bbox 429 4375 511 4448; x_wconf 86' lang='lat' dir='ltr'><strong>eius</strong></span> <span class='ocrx_word' id='word_1_252' title='bbox 536 4371 748 4467; x_wconf 85' lang='lat' dir='ltr'><strong>exernplum</strong></span> <span class='ocrx_word' id='word_1_253' title='bbox 775 4376 931 4449; x_wconf 85' lang='lat' dir='ltr'><strong>duorum</strong></span> <span class='ocrx_word' id='word_1_254' title='bbox 947 4371 1177 4466; x_wconf 84' lang='lat' dir='ltr'><strong>reliquorum</strong></span> <span class='ocrx_word' id='word_1_255' title='bbox 1198 4374 1306 4449; x_wconf 83' lang='lat' dir='ltr'><strong>adiu-</strong></span> 
     </span>
     <span class='ocr_line' id='line_1_33' title="bbox 169 4499 1305 4588; baseline -0.004 -10"><span class='ocrx_word' id='word_1_256' title='bbox 169 4513 291 4579; x_wconf 84' lang='lat' dir='ltr'><strong>mento</strong></span> <span class='ocrx_word' id='word_1_257' title='bbox 307 4503 534 4588; x_wconf 83' lang='lat' dir='ltr'><strong>emendaret,</strong></span> <span class='ocrx_word' id='word_1_258' title='bbox 553 4499 705 4580; x_wconf 76' lang='lat' dir='ltr'><strong>difficile</strong></span> <span class='ocrx_word' id='word_1_259' title='bbox 724 4510 779 4576; x_wconf 80' lang='lat' dir='ltr'><strong>est</strong></span> <span class='ocrx_word' id='word_1_260' title='bbox 797 4509 973 4579; x_wconf 80' lang='lat' dir='ltr'><strong>statuere:</strong></span> <span class='ocrx_word' id='word_1_261' title='bbox 1005 4525 1092 4577; x_wconf 83' lang='lat' dir='ltr'><strong>nam</strong></span> <span class='ocrx_word' id='word_1_262' title='bbox 1117 4503 1163 4574; x_wconf 92' lang='lat' dir='ltr'><strong>de</strong></span> <span class='ocrx_word' id='word_1_263' title='bbox 1186 4525 1207 4573; x_wconf 83' lang='lat' dir='ltr'><strong>s</strong></span> <span class='ocrx_word' id='word_1_264' title='bbox 1231 4523 1305 4575; x_wconf 89' lang='lat' dir='ltr'><strong>non</strong></span> 
     </span>
    </p>
   </div>
   <div class='ocr_carea' id='block_1_3' title="bbox 0 0 1598 5092">
    <p class='ocr_par' dir='ltr' id='par_1_4' title="bbox 0 0 1598 5092">
     <span class='ocr_line' id='line_1_34' title="bbox 0 0 1598 5092; baseline 0 0"><span class='ocrx_word' id='word_1_265' title='bbox 0 0 1598 5092; x_wconf 95' lang='lat' dir='ltr'><strong> </strong></span> 
     </span>
    </p>
   </div>
  </div>
 </body>
</html>
