3175 5092
245 373 306 417 xiv
741 353 886 408 maso.

245 537 288 598 ut
312 537 368 599 est
393 527 432 598 in
457 535 579 600 vetere
604 525 780 622 catalogo.
833 529 1015 600 editorum
1044 530 1184 622 primus
1208 530 1381 602 adhibuit

246 655 406 727 Thomas
416 653 522 742 Gale,
536 663 619 750 post
632 655 739 728 illurn
753 647 841 728 usus
853 665 911 728 est
916 656 1128 752 wesseling
1139 656 1307 729 lectionis
1320 681 1384 730 va-

245 784 374 856 rietate
386 783 504 855 multo
520 807 630 878 qnam
645 783 770 856 abillo
784 787 988 857 accuratius
1002 787 1186 880 exscripta
1204 788 1251 858 ab
1263 788 1384 861 Anto·

245 913 308 984 nio
322 912 475 1000 Askew;
495 921 677 1007 postremo
696 912 959 1008 perdiligenter
973 915 1186 985 retractavit
1198 911 1383 1001 Gaisiord,

245 1066 314 1114 nec
346 1051 472 1114 tamen
496 1034 627 1136 ‘plura
655 1041 701 1116 de
731 1066 774 1114 eo
800 1043 999 1116 edisserere
1024 1045 1197 1116 attinere'
1228 1045 1384 1136 putabat

246 1169 378 1244 callide
403 1171 617 1243 taciturnus.
658 1163 767 1243 ‘licet
784 1172 895 1259 enim,
920 1171 1053 1266 inquit,
1077 1170 1264 1266 permulta
1284 1196 1384 1242 nunc

245 1297 475 1393 protulerim,
501 1324 660 1393 quorum
685 1300 824 1371 indicio
849 1301 929 1372 eius
955 1299 1096 1372 indoles
1116 1301 1253 1372 certius
1270 1325 1382 1395 quam

245 1437 355 1501 antea
373 1429 588 1516 innotescat,
604 1428 693 1500 satis
713 1436 837 1500 tamen
855 1437 1013 1500 comecte
1029 1430 1077 1502 de
1094 1431 1173 1502 eius
1192 1439 1383 1523 praestan-

246 1558 300 1628 tia
316 1557 496 1629 iudicasse
514 1558 609 1629 mihi
627 1557 801 1632 videntur
818 1557 890 1629 viri
908 1559 1073 1630 eruditi’

353 1686 441 1757 llo
459 1686 757 1758 Vindobonensis
765 1685 933 1772 LXXII,
941 1685 1031 1758 olirn
1039 1685 1190 1757 Ioannis
1196 1685 1382 1771 sambuci,

245 1807 469 1900 chartaceus,
484 1811 659 1885 foliorum
672 1815 1027 1908 quadmtorumdll
1045 1813 1181 1886 saeculi
1188 1815 1286 1888 XIV
1295 1813 1379 1909 (vid.

246 1940 387 2014 Kollar.
414 1965 450 2034 p.
480 1941 578 2036 462).
641 1940 864 2020 lectionibus
893 1943 980 2015 inde
1005 1944 1189 2037 excerptis
1213 1965 1301 2016 usus
1327 1952 1382 2014 est

246 2068 467 2164 wesseling.

347 2325 498 2398 Praeter
516 2325 582 2396 hos
602 2326 717 2420 igitur
734 2327 907 2400 undecim
920 2326 1074 2412 codices,
1088 2353 1109 2399 e
1122 2329 1259 2421 quibus
1272 2327 1382 2421 quin-

245 2479 317 2548 que
344 2453 551 2550 (ABGPR)
581 2463 757 2547 tanquam
783 2453 1067 2527 fundamentum
1095 2481 1172 2528 esse
1198 2453 1381 2528 voluimus

243 2582 412 2655 lectionis
438 2583 735 2668 constituendae,
762 2582 924 2677 reliquos
949 2592 1014 2654 aut
1040 2583 1196 2656 subsidii
1220 2582 1301 2655 loco
1325 2609 1382 2655 as-

245 2711 466 2804 sumpsimus
495 2709 553 2805 (bt)
581 2718 645 2781 aut
667 2719 709 2782 ut
734 2712 779 2782 de
805 2712 1119 2785 vicissitudinibus
1145 2721 1269 2784 textus
1295 2737 1382 2784 con-

244 2849 355 2910 staret
368 2836 427 2911 vel
441 2839 580 2930 ubique
591 2836 639 2932 (d)
653 2836 712 2910 vel
725 2839 790 2910 ubi
804 2862 862 2911 res
876 2849 1042 2933 posceret
1048 2838 1170 2936 (bqsoh
1190 2838 1380 2934 aliquante

243 2968 359 3061 igitur
377 2991 486 3060 quam
505 2963 561 3036 illi
580 2964 702 3060 plures
721 2991 785 3060 per
803 2965 1045 3040 bibliothecas
1068 2969 1222 3062 dispersi
1240 2977 1381 3040 suntet

244 3102 363 3167 aetate
379 3091 457 3167 fere
474 3103 512 3166 et
529 3095 710 3189 dignitate
735 3093 939 3182 inferiores,
963 3097 1010 3166 ad
1034 3119 1112 3168 rem
1138 3105 1261 3167 autem
1279 3097 1380 3167 criti-

244 3249 323 3296 cam
342 3232 426 3317 post
442 3221 525 3297 illos
547 3221 696 3296 inutiles
718 3247 856 3295 omnes.
902 3247 994 3317 quos
1015 3225 1081 3294 ubi
1106 3247 1182 3294 una
1206 3224 1379 3316 deinceps

244 3353 337 3424 serie
362 3352 674 3444 comprehendero
699 3352 926 3444 additisque,
951 3353 992 3422 in
1016 3351 1150 3444 quibus
1175 3358 1273 3422 recte
1297 3353 1379 3423 fieri

244 3480 382 3572 potuit,
412 3477 530 3551 literis
562 3479 816 3573 significavero
846 3478 951 3550 cuins
982 3479 1139 3572 quisque
1168 3479 1312 3572 generis
1342 3488 1380 3551 et

243 3617 419 3702 tanquam
437 3607 629 3702 prosapiae
645 3607 826 3692 videatur,
850 3645 904 3658 —
927 3629 997 3676 neo
1021 3607 1123 3677 enim
1145 3608 1190 3677 de
1207 3607 1379 3677 omnibus

243 3745 386 3808 constat
416 3745 481 3806 aut
511 3759 642 3828 operae
672 3735 834 3827 pretium
862 3743 941 3806 erat
963 3736 1075 3806 anxie
1099 3733 1292 3828 explorare
1317 3773 1378 3818 -‚

243 3873 322 3936 tnrn
342 3865 388 3936 ad
406 3861 488 3934 illos
505 3871 707 3936 revertetur
725 3863 853 3935 oratio.
900 3871 988 3934 sunt
1005 3863 1121 3957 igitur
1137 3863 1190 3934 hi.

450 3989 734 4064 Florentini:

350 4123 407 4193 12.
443 4120 716 4192 Laurentianus
747 4117 840 4212 plut.
868 4119 982 4190 LXX
1008 4119 1078 4205 29,
1109 4119 1379 4204 membranaue,

245 4253 285 4324 in
303 4248 380 4336 fol,
399 4247 535 4325 saeculi
552 4245 640 4321 XV.
670 4247 805 4343 (ABG)

350 4378 407 4450 13.
443 4375 714 4448 Laurentianus
739 4373 833 4467 plut.
854 4375 969 4446 LXX
988 4375 1057 4461 32,
1082 4375 1313 4456 chartaceus,
1340 4374 1380 4446 in

244 4517 327 4591 oct,
348 4502 483 4578 saeculi
501 4505 577 4575 XV
596 4501 655 4576 vel
673 4503 782 4588 XVI,
806 4502 941 4573 codicis
958 4504 1123 4575 eiusdem
1140 4501 1258 4596 plutei
1276 4512 1381 4574 sexto
