3175 5092
711 335 914 399 -A-
1276 338 1317 401 23

180 503 260 585 ἑστι,
280 506 396 603 ὥσπιρ
409 510 507 605 χώρη
525 506 667 601 οὐδεμία
680 507 856 607 καταρκέει
869 508 979 581 πάντα
987 506 1100 605 ἑωυτῇ
1110 511 1318 608 παρέχουσα,

182 621 271 697 ἀλλὰ
289 622 374 695 ἄλλο
394 622 455 718 μέν
474 624 548 724 ἔχει
566 624 681 725 ἑτέρου
700 625 738 699 δέ
756 626 943 701 ἐπιδέεται·
962 628 987 725 ή
1006 627 1044 701 δὲ
1061 626 1102 700 ἀν
1120 629 1320 703 τὰπλεῖστα

182 743 267 842 ἔχη,
300 742 384 842 αὕτη
412 740 545 842 ἀρίστη.
600 747 648 825 ὣς
675 746 794 821 δὲκαὶ
820 744 1002 846 ἀνθρώπου
1030 755 1131 842 σῶμα
1158 747 1193 821 ἓν
1222 746 1320 821 οδδίν

183 861 347 961 αδτσρκές
365 862 455 937 ἐστι·
484 864 522 933 τδ
541 860 601 957 μέν
620 864 684 964 γάρ
703 864 785 964 ἔχει,
807 864 912 938 όλλου
930 864 969 937 δέ
984 864 1096 948 ἐνδεές
1113 866 1203 941 έστι·
1233 869 1271 947 δς
1285 861 1316 941 δ’

147 1014 163 1061 ε
182 980 223 1057 ἀν
240 982 352 1079 αιἰτῷν
371 981 513 1055 πλεῖστα
531 980 622 1079 ἔχων
640 984 799 1085 διατελέῃ
816 988 872 1059 καί
885 983 1002 1059 ἔπειτα
1012 985 1198 1085 τελευτήσῃ
1214 984 1320 1084 εόχα-

183 1108 308 1201 ρίστως
326 1104 381 1173 τὸν
398 1102 482 1203 βίον,
503 1101 602 1185 οὗτος
617 1090 700 1203 παρ’
723 1104 802 1199 ἐμοὶ
816 1106 856 1176 τδ
874 1105 1003 1199 οδνομα
1020 1111 1117 1177 τοῦτο
1133 1108 1162 1177 ὦ
1180 1102 1320 1205 βασιλεῦ

183 1221 311 1303 δίκαιός
335 1221 406 1295 ἐστι
435 1222 610 1321 φέρεσθαι.
656 1223 811 1299 σκοπέειν
834 1223 873 1296 δέ
898 1228 967 1325 χρή
993 1228 1117 1307 παντὸς
1142 1230 1321 1323 χρήματος

182 1342 244 1439 τήν
273 1340 447 1439 τελευτήν,
476 1343 519 1441 κῇ
552 1339 781 1444 ἀποβήσεται·
815 1344 972 1418 πολλοῖσι
995 1344 1060 1443 γὰρ
1084 1343 1127 1443 δή
1157 1342 1321 1423 ὑποδέξας

184 1460 285 1561 ὄλβον
304 1459 322 1529 δ
339 1459 420 1540 θεδς
435 1462 636 1561 προρρίζους
654 1451 843 1561 άνέτρεψε.”
875 1469 982 1535 ταῦτα
1002 1461 1111 1560 λέγων
1124 1464 1174 1559 τῷ
1181 1459 1321 1560 Κροίσῳ
1333 1481 1374 1543 33

131 1610 164 1660 1⁰
183 1578 225 1651 οὔ
243 1606 312 1660 κως
329 1578 406 1651 οὔτε
425 1578 616 1679 ίχαρίίετο,
644 1580 722 1655 οὔτε
740 1581 843 1680 λόγου
861 1608 917 1677 μιν
935 1582 1169 1683 ποιησάμενος
1185 1581 1322 1659 οὐδενὸς

184 1697 439 1793 ἀποπέμπεται,
471 1698 575 1798 κάρτα
604 1701 704 1783 δόξας
722 1698 863 1796 ἀμαθέα
887 1700 988 1785 εἶναι,
1021 1702 1060 1781 δς
1086 1698 1128 1773 τὰ
1150 1703 1321 1798 παρεόντα

184 1816 298 1915 ἀγαθά
316 1820 426 1912 μετεὶς
444 1824 505 1918 τήν
524 1819 684 1918 τελευτήν
702 1822 828 1903 παντὸς
845 1826 1024 1921 χρήματος
1040 1821 1121 1919 δράν
1141 1818 1283 1891 ίκέλεοε.

261 1932 357 2011 Μετὰ
371 1937 408 2011 δέ
420 1937 561 2013 Σόλωνα
578 1940 755 2038 οἰχόμενον
772 1939 874 2041 ἔλαβε
892 1940 930 2013 έκ
940 1938 1022 2013 θεοῦ
1038 1938 1173 2034 νέμεσις
1187 1937 1319 2035 μεγάλη
1336 1962 1377 2023 34

187 2056 349 2156 Κροῖσον,
378 2060 426 2137 ὡς
450 2058 597 2137 εἰκάσαι.
632 2059 684 2131 ότι
709 2058 847 2154 ἐνόμισε
872 2059 996 2132 έωυτδν
1021 2056 1106 2131 εἶναι
1130 2055 1320 2157 ἀνθρώπων

132 2204 164 2253 τε
185 2178 342 2251 ἁπάντων
361 2176 578 2277 ὀλβιώτατον.
626 2177 746 2254 αὐτίκα
771 2178 810 2251 δέ
837 2181 869 2251 οί
886 2177 1015 2251 εὕδοντι
1030 2178 1156 2278 ἀπέστη
1181 2177 1319 2276 όνειρος,

184 2298 223 2378 ός
239 2298 271 2367 οί
288 2299 350 2394 τήν
369 2293 537 2395 ἀληθείην
566 2295 684 2394 ἔφαινε
708 2304 775 2369 τῶν
803 2298 996 2392 μελλόντων
1024 2297 1184 2396 γενέσθαι
1209 2304 1320 2371 κακῶν

185 2417 270 2489 κατὰ
286 2420 343 2488 τδν
361 2414 477 2489 παιδα.
514 2418 604 2515 ήσαν
625 2416 662 2489 δέ
676 2420 727 2515 τῷ
741 2414 880 2517 Κροίσῳ
899 2416 959 2489 δύο
975 2419 1105 2500 παῖδες,
1131 2426 1200 2489 τῶν
1225 2416 1321 2488 οότε-

185 2563 241 2637 ρος
262 2535 323 2631 μέν
344 2533 536 2634 διέφθαρτο,
557 2535 674 2636 ήνγάρ
687 2538 731 2636 δή
743 2540 867 2633 κευρός,
888 2536 958 2611 δδέ
976 2535 1091 2637 έτερος
1108 2544 1176 2609 τῶν
1195 2536 1320 2633 ήλίκων

186 2658 308 2754 μακρῷ
319 2655 361 2729 τά
380 2656 488 2729 πάντα
506 2662 658 2754 πρῶτος·
679 2656 809 2751 οὔνομα
825 2655 864 2728 δέ
882 2658 914 2729 οί
930 2658 974 2755 ήν
986 2642 1102 2736 Ἀτυς.
1139 2660 1259 2728 τοῦτον
1277 2656 1321 2753 δή

130 2804 167 2855 το
186 2780 233 2849 ὧν
252 2770 426 2849 τίν”Ατυν
445 2780 604 2875 σημαίνει
621 2776 672 2873 τῷ
686 2772 857 2874 Κροίσῳδ
875 2774 1013 2872 όνειρος,
1041 2778 1090 2856 ὡς
1108 2772 1246 2848 ἀπολέει
1265 2801 1320 2867 μιν

185 2899 294 2995 αἰχμή
315 2894 459 2993 σιδηρέη
477 2894 662 2996 βληθέντα.
703 2895 720 2965 δ
740 2885 770 2966 δ’
793 2894 903 2967 ἐπείτε
928 2893 1096 2993 ίξηγέρθη
1126 2896 1180 2967 καί
1204 2893 1323 2989 ἑωυτῷ

185 3016 285 3112 λόγον
306 3012 423 3096 ἔδεσκε,
444 3016 710 3113 καταρρωδήσας
723 3016 777 3085 τδν
797 3013 924 3111 όνειρυν
943 3011 1058 3110 ἄγεται
1076 3012 1138 3106 μέν
1158 3013 1207 3109 τῷ
1227 3014 1322 3084 παιδὶ

185 3137 341 3232 γυναῖκα,
371 3133 504 3205 ἐωθότα
522 3132 562 3205 δέ
579 3131 795 3231 στρατηγέειν
821 3158 876 3224 μιν
893 3138 961 3201 τῶν
980 3130 1101 3203 Λυδῶν
1121 3132 1256 3230 οδδαμή
1274 3131 1322 3203 ἔτι

184 3254 241 3325 έπί
256 3258 389 3325 τοιοῦτο
406 3260 547 3351 πρῆγμα
565 3252 747 3344 ἐξέπεμπε·
774 3248 908 3322 ἀκόντια
926 3250 963 3323 δὲ
980 3254 1033 3322 καί
1050 3251 1191 3349 δοράτια
1209 3253 1263 3323 καί
1281 3252 1323 3322 τά

342 3507 457 3578 περὶτῆς
470 3506 615 3576 μεταβολῆς
626 3510 673 3575 τής
686 3502 798 3575 Κροίσου
810 3502 972 3572 εὐδαιμονίας
984 3505 1029 3557 καί
1039 3514 1090 3558 τῶν
1100 3504 1177 3557 αὀτοίι
1190 3503 1287 3558 παίδων

290 3574 385 3645 όνειρος
398 3572 510 3646 Κροίσου
523 3574 566 3628 καί
579 3575 662 3646 γάμος
673 3580 718 3627 τοῦ
732 3572 822 3632 παιδός
