3175 5092
729 320 929 381 -Α-

267 500 387 568 τούτου
415 496 485 568 έστλ
512 503 626 593 χῶρος
649 503 710 593 τῆς
737 489 880 591 Μυσίης,
914 492 1048 595 Λέσβου
1077 492 1197 575 ἀντίος.
1245 494 1403 593 Πακτύην

268 620 328 711 μέν
347 644 402 686 νυν
420 616 687 714 παραδεξάμενοι
705 618 736 685 οἱ
756 612 884 712 Πέρσαι
902 613 993 711 εἶχον
1020 614 1054 687 έν
1078 615 1222 715 φυλακῇ,
1246 616 1404 695 θέλοντες

269 736 373 837 Κύρῳ
392 736 572 816 ἀποδέξαι·
600 738 642 833 ἦν
672 736 709 807 δὲ
733 737 854 833 χρόνος
879 733 975 813 οὗτος
1001 734 1060 805 οὐκ
1085 734 1196 832 όλίγος
1213 738 1400 832 γενόμενος.

267 860 322 930 ότε
341 856 434 929 Χίων
454 856 563 935 οὐδεὶς
581 855 618 927 ἐκ
636 859 694 924 τού
708 848 894 952 Ἀταρνέος
911 857 1030 925 τούτου
1048 854 1124 928 οὔτε
1143 854 1244 935 οὐλάς
1262 855 1403 953 κριθέων

266 980 426 1076 πρόχυσιν
446 974 596 1047 ἐποιέετο
613 974 704 1047 θεῶν
723 973 834 1047 οὐδενὶ
853 974 930 1046 οὔτε
957 974 1117 1069 πέμματα
1138 976 1299 1049 ἐπέσσετο
1322 1001 1401 1073 καρ-
1440 1000 1453 1046 ,τ

265 1102 331 1172 πού
350 1102 410 1167 τού
428 1095 593 1176 ἐνθεῦτεν,
612 1091 769 1192 ἀπείχετό
787 1119 824 1166 τε
842 1100 907 1165 τῶν
926 1095 1061 1169 πάντων
1083 1098 1161 1194 ἱρῶν
1182 1096 1222 1169 τά
1239 1095 1347 1167 πάντα
1366 1094 1403 1165 ἐκ

268 1226 329 1317 τῆς
345 1221 463 1314 χώρης
482 1218 609 1312 ταύτης
627 1218 792 1310 γινόμενα,

203 1353 254 1410 161
345 1334 421 1407 Χῖοι
439 1336 499 1428 μέν
518 1361 573 1406 νυν
589 1332 748 1433 Πακτύην
769 1334 934 1416 ἐξέδοσαν.
962 1320 1130 1435 Μαζάρης
1146 1336 1184 1407 δέ
1201 1334 1283 1431 μετὰ
1298 1344 1404 1408 ταῦτα

267 1458 481 1556 ἐστρατεύετο
499 1454 555 1526 ἐπὶ
571 1456 650 1535 τοὺς
669 1455 1027 1555 συμπολιορκήσαντας
1045 1454 1211 1557 Τάβαλον,
1233 1459 1403 1527 καὶτοῦτο

269 1578 329 1672 μέν
352 1572 521 1673 Πριηνέας
538 1574 855 1673 ἐξηνδραποδίσατο,
884 1580 982 1647 τοῦτο
1011 1574 1048 1645 δὲ
1074 1571 1270 1675 Μαιάνδρου
1287 1577 1401 1647 πεδίον
1424 1598 1453 1647 ιιι

267 1702 331 1769 πᾶν
351 1693 519 1793 ἐπέδραμε
539 1693 641 1793 ληίην
658 1696 858 1788 ποιεύμενος
885 1690 935 1791 τῷ
957 1698 1103 1795 στρατῷ,
1137 1692 1339 1793 Μαγνησίην
1366 1722 1401 1766 τε

204 1819 442 1895 ιδιύισαύτως.
488 1812 573 1908 μετὰ
599 1812 638 1885 δέ
663 1819 770 1887 ταῦτα
792 1813 911 1887 αὐτίκα
935 1817 1046 1911 νούσῳ
1070 1814 1222 1913 τελευτᾷ.
1269 1813 1400 1889 ἀποθα-

267 1942 381 2015 νόντος
399 1932 436 2005 δὲ
452 1936 571 2006 τούτου
588 1927 766 2031 Ἅρπαγος
787 1935 910 2035 κατέβη
932 1935 1089 2032 διάδοχος
1107 1943 1174 2034 της·
1185 1942 1398 2035 στρατηγίης.

268 2060 362 2154 γένος
379 2056 434 2127 καὶ
452 2054 551 2133 αὐτὸς
569 2054 634 2126 ἐὼν
654 2049 785 2152 Μῆδος,
818 2056 873 2123 τόν
893 2055 910 2124 ό
930 2050 1060 2152 Μήδων
1082 2056 1239 2156 βασιλεὺς
1253 2048 1401 2128 Ἀστυά-

267 2205 333 2276 γης
364 2174 480 2271 ἀνόμῳ
510 2173 661 2271 τραπέζῃ
697 2171 827 2254 ἔδαισε,
869 2175 887 2243 δ
915 2176 966 2270 τῷ
990 2172 1094 2273 Κύρῳ
1122 2178 1182 2273 την
1219 2175 1401 2275 βασιληίην
1423 2199 1451 2247 ιι

267 2294 628 2393 συγκατεργασάμενος.
676 2291 773 2372 οὗτος
791 2296 885 2392 ὡνηρ
904 2297 978 2365 τότε
998 2295 1061 2365 ύπό
1083 2290 1198 2393 Κύρου
1216 2299 1403 2393 στρατηγός

269 2415 470 2512 ἀποδεχθεὶς
498 2415 545 2493 ώς
574 2408 711 2483 ἀπίκετο
739 2410 775 2492 ές
800 2416 860 2511 τὴν
886 2402 1038 2513 Ἰωνίην,
1076 2412 1167 2513 αἵρεε
1196 2414 1256 2497 τὰς
1283 2415 1403 2494 πόλιας

268 2540 420 2633 χώμασι·
450 2534 537 2613 όκως
554 2532 618 2630 γὰρ
636 2536 814 2630 τειχήρεας
831 2537 992 2631 ποιήσειε,
1021 2538 1058 2607 τδ
1079 2534 1232 2607 ἐνθεῦτεν
1258 2538 1402 2630 χώματα

205 2665 342 2754 163χῶν
371 2658 454 2753 πρός
481 2653 523 2725 τά
548 2655 660 2749 τείχεα
687 2651 840 2750 ἐπόρθεε.
894 2658 1013 2751 πρώτη
1039 2651 1077 2725 δὲ
1103 2652 1243 2753 Φωκαίη
1266 2644 1402 2750 Ἰωνίης

269 2778 479 2872 ἐπεχείρησε.
529 2776 560 2845 οἱ
579 2770 616 2845 δὲ
633 2770 806 2851 Φωκαιέες
824 2772 914 2844 οὗτοι
932 2774 1120 2871 ναυτιλίησι
1140 2777 1288 2873 μακρῇσι
1306 2782 1400 2871 πριό-
1420 2798 1451 2847 τυ

268 2923 318 2967 τοι
334 2889 515 2991 Ἑλλήνων
543 2892 747 2990 ἐχρήσαντο,
779 2895 834 2963 καὶ
859 2896 915 2963 τόν
934 2917 970 2964 τε
991 2882 1133 2991 Ἀδρίην
1160 2896 1213 2965 καί
1237 2898 1296 2991 τἠν
1315 2891 1341 2963 Τ
1364 2919 1400 2991 ρ-

269 3019 389 3113 σηνίην
420 3016 474 3084 καὶ
502 3016 563 3111 τὴν
584 3000 740 3112 Ἰβηρίην
768 3015 823 3083 καὶ
850 3016 906 3085 τόν
932 3009 1127 3111 Ταρτησσόν
1157 3012 1249 3085 οὗτοί
1280 3014 1342 3085 εἱσι
1371 3015 1401 3083 οί

268 3134 521 3215 καταδέξαντες·
557 3131 788 3204 ἐναυτίλλοντο
813 3131 850 3204 δέ
877 3133 915 3203 ού
939 3132 1163 3230 στρογγύλησι
1192 3136 1290 3233 νηυσὶ
1316 3131 1402 3204 άλλά

267 3253 569 3352 πεντηκοντέροισι.
600 3250 797 3345 ἀπικόμενοι
817 3250 854 3323 δὲ
870 3252 905 3333 ἐς
920 3254 975 3323 τόν
990 3250 1185 3351 Ταρτησσόν
1201 3254 1401 3352 προσφιλέες

269 3376 421 3470 ἐγένοντο
448 3374 498 3468 τῳ
520 3369 652 3472 βασιλέι
677 3378 742 3441 τῶν
770 3368 1006 3469 Ταρτησσίων,
1045 3374 1095 3467 τῷ
1118 3372 1255 3467 οὔνομα
1274 3374 1333 3467 μὲν
1361 3376 1402 3471 ἦν
1419 3394 1450 3443 25

264 3489 531 3591 Ἀργανθώνιος,
561 3491 777 3589 ἐτυράννευσε
803 3488 840 3562 δέ
867 3488 1065 3590 Ταρτησσοῦ
1091 3490 1284 3589 ὀγδώκοντα
1313 3492 1399 3573 ἔτεα,

372 3704 1269 3854 ιιιιλιίιικιίιίιιλικιικίικιῑῖίικκ
1282 3710 1403 3851 τίτί

372 3850 583 3981 migma
598 3844 856 3991 ssffigspwssmvssou
868 3858 914 3904 τού
926 3850 1088 3923 ’Ταρτησσίων
1100 3853 1223 3922 τυράννου
1240 3854 1284 3905 καὶ
1302 3860 1349 3922 τῆς
1369 3856 1402 3911 είς

372 4081 395 4130 5.
416 4076 513 4140 Λέξεις.
534 4105 565 4115 -
584 4078 626 4127 26.
642 4106 655 4115 -
664 4094 693 4199 ρ.
711 4078 767 4136 105,
785 4078 794 4126 ί
818 4076 954 4131 Lucianus
967 4078 1102 4146 Longaev.
1120 4078 1159 4129 10.
1185 4108 1219 4116 —
1243 4078 1352 4131 Ττυιιευ
1367 4078 1401 4130 ού

320 4146 455 4218 Lycophr.
471 4148 529 4199 643.
552 4176 583 4183 —
603 4146 664 4199 Stra
684 4163 740 4217 op.
758 4146 802 4197 151

321 4289 345 4338 ί,
365 4284 500 4355 κριθιῖινΙ,
523 4287 534 4350 ΙΙ
558 4289 581 4336 θ.
602 4303 641 4354 γρ.
656 4289 821 4337 ιιιῑιιιετοκίιἰ
850 4286 861 4349 ΙΙ
892 4288 916 4337 9.
938 4284 1195 4355 πολιορκήικινταςίΥ
1219 4288 1230 4350 ΙΙ
1266 4286 1303 4337 ίί.
1324 4289 1360 4351 τε]
1376 4286 1403 4337 δὲ

272 4355 307 4407 Cz
337 4358 348 4418 ΙΙ
382 4357 419 4406 16.
441 4354 551 4423 ώνὴρθ
575 4356 585 4416 ΙΙ
619 4354 752 4426 18.τειχή
787 4372 826 4413 cz
854 4356 866 4419 Ιί
897 4354 935 4405 ίίλ,
957 4354 1188 4425 πὸςτειχήρεαθ
1210 4356 1221 4418 ΙΙ
1248 4357 1288 4407 ⁶20.
1309 4374 1403 4423 ναυτη-

268 4423 387 4493 λίηισιθ
415 4426 425 4486 {l
457 4424 498 4473 23.
518 4422 616 4475 ναυσὶι
644 4426 655 4488 ΙΙ
687 4426 729 4474 25.
766 4423 962 4489 ασιλεῖΑΒΡι,
976 4372 1124 4493 βασιλέειθ
1155 4426 1166 4487 ΙΙ
1201 4426 1241 4475 26.
1263 4420 1403 4493 άγαθιίινιος

273 4492 296 4542 C
317 4496 328 4555 11
353 4492 510 4564 ὀγδοήκοντα
523 4492 578 4543 ΑΒ
