3175 5092
634 349 836 414 -Λ-
1258 356 1300 416 99

168 524 282 598 οὐδέν·
311 527 387 623 τήσι
412 522 449 595 δέ
467 525 605 625 λοιπήσι
626 527 737 599 πόλισι
757 525 836 598 έαδε
855 528 949 624 κοινῇ
970 513 1065 600 Ἴωσι
1089 524 1299 627 έπεσδαιῖτή

167 644 206 718 ἂν
226 645 318 717 οὗτοι
337 643 552 742 ἐξηγέωνται.

236 754 300 845 Ὣς
318 764 353 839 δέ
372 765 527 839 ἀπίκοντο
546 766 581 846 ές
599 770 659 865 τήν
678 766 837 865 Σπάρτην
855 773 921 838 τῶν
937 761 1062 837 Ἱώνων
1082 768 1136 838 καὶ
1149 764 1298 838 Αἰολέων
1310 780 1370 840 152

166 888 195 957 οί
215 884 351 983 ἄγγελοι
370 887 466 981 (κατά
485 884 546 983 γὰρ
567 886 608 983 δή
627 886 731 981 τάχος
746 888 789 983 ήν
809 892 912 958 ταῦτα
931 889 1174 986 πρησσόμενα),
1192 885 1299 958 εἵλον-

134 1028 203 1077 Ιιτο
221 1008 288 1104 πρὸ
306 1008 438 1079 πάντων
458 1006 567 1103 λέγειν
586 1008 642 1077 τόν
662 1003 817 1086 Φωκαέα,
837 1009 888 1103 τῷ
901 1006 1028 1101 οόνομα
1046 1008 1088 1106 ήν
1109 1005 1297 1105 Πύθερμος.

166 1126 183 1195 ό
202 1125 240 1197 δὲ
257 1128 446 1225 πορφύρεόν
464 1152 499 1199 τε
518 1124 600 1222 εἷμα
617 1124 893 1225 περιβαλόμενος,
924 1130 972 1207 ὡς
997 1124 1035 1197 ἂν
1053 1125 1300 1219 πυνθανόμενοι

164 1244 313 1345 πλεῖστοι
332 1246 523 1319 συνέλθοιεν
541 1244 791 1343 Σπαρτιητέων.
822 1248 876 1317 καί
895 1244 1058 1325 καταστάς
1076 1245 1172 1342 ἔλεγε
1189 1244 1300 1318 πολλὰ

165 1365 341 1464 τιμωρέειν
378 1366 530 1439 ἑωυτοῖσι
564 1366 726 1464 χρηίζων.
799 1364 1055 1458 Λακεδαιμόνιοι
1091 1365 1128 1437 δέ
1162 1365 1202 1437 οό
1234 1391 1301 1444 κως

166 1484 340 1583 ἐσήκουον,
362 1480 433 1556 ἀλλ’
456 1483 601 1567 ἀπέδοξέ
620 1512 677 1582 σρι
698 1486 746 1582 μή
765 1486 942 1584 τιμωρέειν
961 1480 1067 1560 Ἴωσι.
1114 1488 1145 1557 οί
1169 1485 1229 1579 μὲν
1256 1487 1299 1583 δή

120 1628 147 1676 ιο
165 1602 440 1688 ἀπαλλάσσοντο,
473 1604 731 1699 Λακεδαιμόνιοι
764 1604 802 1678 δὲ
833 1601 1051 1700 ἀπωσάμενοι
1083 1612 1148 1676 τῶν
1171 1598 1298 1675 Ἰώνων

165 1726 242 1805 τοὺς
269 1721 432 1821 ἀγγέλους
458 1726 551 1821 όμως
577 1723 777 1797 ἀπέστειλαν
803 1726 1057 1823 πεντηκοντέρῳ
1085 1725 1223 1823 ἄνδρας,
1253 1727 1300 1803 ὡς

166 1842 224 1937 μέν
246 1844 321 1938 ἐμοὶ
341 1844 459 1928 δοκέει,
487 1847 717 1923 κατασκόπους
736 1850 802 1915 τῶν
824 1870 859 1917 τε
880 1842 994 1943 Κόρου
1010 1845 1221 1944 πρηγμάτων
1247 1846 1299 1914 καὶ

160 1954 308 2060 Ἰωνίης.
349 1962 543 2058 ἀπικόμενοι
562 1964 599 2037 δὲ
619 1963 710 2035 οὗτοι
729 1964 764 2044 ές
782 1962 939 2035 Φώκαιαν
960 1964 1109 2057 ἔπεμπον
1128 1966 1164 2044 ἐς
1178 1963 1299 2061 Σάρδις

165 2084 278 2178 σφέων
310 2081 420 2155 αὐτῶν
447 2088 504 2156 τδν
534 2084 777 2179 δοκιμώτατον,
817 2087 868 2180 τῷ
891 2082 1021 2176 οόνομα
1043 2084 1086 2180 ήν
1116 2084 1295 2182 Λακρίνης,

120 2225 148 2272 ιε
166 2200 350 2301 ἀπερέοντα
379 2199 484 2302 Κύρῳ
512 2202 783 2296 Λακεδαιμονίων
814 2205 926 2302 ρήσιν,
959 2212 1022 2302 γῆς
1048 2198 1300 2303 τηςἙλλάδος

167 2322 335 2420 μηδεμίαν
360 2323 456 2395 πόλιν
486 2322 721 2421 σιναμωρέειν,
753 2325 802 2402 ὡς
829 2322 938 2393 αὐτῶν
966 2320 1006 2391 οό
1032 2324 1295 2421 περιοψομένων.

165 2446 268 2513 ταῦτα
287 2442 438 2523 εἰπόντος
455 2447 514 2513 τοῦ
533 2448 683 2541 κήρυκος,
712 2442 844 2539 λέγεται
863 2439 975 2540 Κῦρον
1004 2441 1195 2541 ἐπείρεσδαι
1218 2445 1366 2523 τοὺς153

165 2566 352 2662 παρεόντας
370 2564 401 2633 οἱ
414 2548 595 2660 Ἑλλήνων
614 2552 698 2641 τίνες
716 2561 828 2642 ἐόντες
847 2560 1020 2662 ἄνθρωποι
1040 2560 1298 2657 Λακεδαιμόνιοι

165 2684 217 2753 καὶ
234 2684 326 2755 κόσοι
342 2679 474 2781 πλῆθος
492 2684 596 2751 ταῦτα
616 2680 733 2779 ἑωυτῷ
746 2683 1020 2780 προαγορεύουσι.
1048 2682 1297 2777 πυνθανόμενον

123 2819 152 2868 ιιι
167 2801 202 2871 δέ
222 2827 277 2895 μιν
297 2800 502 2899 είπεῒνπρδς
520 2804 575 2871 τόν
601 2806 729 2901 κήρυκα
756 2804 811 2871 τὸν
835 2801 1051 2900 Σπαρτιήτην
1074 2790 1161 2873 αοὐκ
1185 2802 1297 2875 ἔδεισά

164 2948 211 2991 κω
230 2919 356 3019 ἄνδρας
370 2922 548 3003 τοιούτους,
569 2926 653 2994 τοῖσι
671 2921 741 2993 έστὶ
760 2928 872 3020 χῶρος
890 2921 924 2993 ἐν
944 2921 1033 3019 μέση
1052 2924 1095 3021 τῇ
1112 2922 1190 2993 πόλι
1209 2919 1295 2994 ἀπο-

165 3039 362 3137 δεδεγμένος
389 3040 424 3120 ές
449 3042 504 3111 τὸν
532 3040 768 3138 συλλεγόμενοι
793 3039 963 3140 ἀλλήλους
989 3040 1146 3134 δμνόντες
1171 3041 1295 3122 έξαπα-

165 3169 264 3233 τῶσι·
302 3160 396 3243 τοῖσι,
427 3160 469 3258 ήν
495 3160 563 3257 ἐγὼ
593 3159 748 3257 ὑγιαίνω,
780 3160 820 3231 οὐ
848 3160 890 3232 τὰ
911 3151 1036 3232 Ἰώνων
1063 3159 1175 3233 πάδεα
1204 3162 1296 3233 ἔσται

165 3279 310 3377 ἔλλεσχα
329 3277 416 3350 ἀλλὰ
439 3280 480 3351 τὰ
498 3273 644 3377 οίκήια.”
685 3287 788 3351 ταῦτα
812 3280 847 3359 ές
871 3280 950 3359 τοὺς
975 3280 1102 3361 πάντας
1120 3275 1296 3379 ’Έλληνας

117 3418 146 3466 ιι
164 3396 327 3497 ἀπέρριψε
352 3400 370 3469 ό
398 3396 509 3497 Κῦρος
526 3400 568 3471 τά
585 3398 679 3481 ἔπεα,
711 3402 760 3470 ότι
779 3398 905 3498 ἀγορὰς
929 3402 1134 3498 στησάμενοι
1161 3400 1233 3500 ὠνή
1259 3428 1295 3472 τε

162 3520 214 3589 καί
239 3523 345 3616 πρήσι
372 3517 557 3617 χρέωνται·
595 3516 690 3589 αὐτοὶ
716 3515 777 3616 γὰρ
807 3520 838 3588 οί
868 3516 996 3616 Πέρσαι
1024 3518 1166 3619 ἀγορῇσι
1197 3520 1293 3592 οὐδὲν

316 3774 372 3845 περὶ
384 3780 431 3843 τῆς
444 3767 534 3827 Ἰώνων
546 3774 590 3826 καὶ
603 3770 717 3827 Αἰολέων
729 3774 791 3842 πρὸς
804 3772 1022 3843 Λακεδαιμονίους
1034 3775 1166 3846 πρεσβείας

266 3842 446 3915 προαγόρευσις
458 3840 665 3911 Λακεδαιμονίων
678 3842 741 3911 πρὸς
754 3839 840 3913 Κῦρον
852 3843 972 3898 κάκείνου
984 3844 1047 3915 πρὸς
1059 3844 1150 3903 αὐτοὺς
1163 3845 1293 3916 ἀπόκρισις

213 4105 237 4154 3.
258 4101 368 4154 ἀπίκατο
383 4100 412 4164 C,
428 4100 550 4153 ἀπικέατο
564 4101 600 4153 P:
634 4103 645 4165 ΙΙ
681 4103 704 4152 5.
727 4096 849 4155 Φωκαιέα
864 4102 1012 4155 Bredovius
1047 4106 1058 4168 ή
1094 4106 1118 4155 ά.
1141 4103 1293 4191 περιβαλλό-

162 4188 261 4237 μενοςε
302 4174 312 4236 ΙΙ
354 4174 377 4222 8.
396 4170 510 4257 γρήιζων
525 4170 556 4234 Ρ,
574 4170 678 4251 χρήζων
695 4171 727 4223 LE
768 4174 778 4236 ΙΙ
819 4170 1016 4238 Λακεδαιμόνιοι
1029 4202 1043 4210 -
1057 4174 1088 4223 10
1101 4171 1293 4225 ἀπαλλασσαντο

162 4256 242 4292 σακε
269 4242 280 4304 ΙΙ
316 4240 340 4290 9.
361 4238 615 4309 ἐσηκουονοοιπειιε
629 4238 725 4308 ἤκουον
761 4243 771 4304 ΙΙ
810 4241 850 4292 12.
872 4239 918 4308 μὲν
931 4256 984 4292 om.
1002 4239 1053 4308 C'qz
1087 4243 1098 4304 Ιί
1135 4242 1176 4295 14,
1195 4241 1292 4293 αὐτέων

160 4324 173 4360 τ
204 4312 215 4373 ΙΙ
250 4308 354 4379 λαρίνης
370 4308 458 4361 Οεοιϊ.
496 4310 507 4373 ΙΙ
545 4311 583 4360 Ιϋ.
605 4308 758 4379 μηδεμίηνι
793 4311 805 4374 11
839 4310 880 4359 Ῑί.
901 4306 1040 4379 έπήρεσδαι
1056 4313 1079 4362 0
1110 4312 1122 4373 ΙΙ
1159 4312 1199 4363 Ῑιι.
1220 4310 1293 4362 πόσοι

161 4377 197 4431 P:
220 4382 231 4443 ΙΙ
254 4394 273 4429 π
290 4377 492 4447 οσαγορεόουσικ
516 4380 527 4443 ΙΙ
551 4379 592 4429 21.
613 4378 685 4430 πόλει
701 4378 760 4431 ΟΡτ
784 4381 794 4443 ΙΙ
819 4376 1067 4447 ἀποδεδειγμένοςθ
1092 4382 1103 4443 ΙΙ
1136 4381 1176 4432 22,
1198 4380 1293 4448 ἀμνόν-

159 4465 198 4506 ττς
211 4394 338 4501 Βελλετι
353 4446 473 4514 ἀροῦντες
485 4446 599 4511 ουάἰοεε,
614 4446 760 4515 ὁμοῦντεςκ
786 4450 797 4512 ΙΙ
827 4449 868 4498 24.
889 4444 1005 4518 ἔλεσγοικ
1034 4451 1045 4512 ΙΙ
1078 4452 1120 4500 25,
1141 4450 1293 4519 στησάμενοι

158 4515 277 4570 οοιτειιὶι
290 4517 445 4585 κτησάμενοι
475 4518 485 4579 ΙΙ
519 4517 560 4567 26.
581 4516 708 4585 amab
732 4519 742 4581 ΙΙ
765 4515 890 4587 χρέωνται
903 4547 916 4555 -
929 4534 956 4586 ρ.
974 4518 1029 4578 100,
1048 4522 1056 4568 1
1073 4517 1132 4569 οὐδέ
1145 4535 1187 4589 σρι
1201 4536 1253 4570 om.
1271 4518 1295 4569 (F

1054 4622 1083 4671 ’γῚ
