3175 5092
287 363 384 410 suu
779 343 924 398 owtfio·

286 513 433 614 ἀνέῳγες
456 520 493 589 Α
517 519 599 592 187.
645 517 734 615 ἔχον,
762 519 902 590 utiam
927 521 968 590 in
994 520 1090 590 viam
1118 521 1286 603 redeam,
1317 543 1425 592 nurn-

286 670 397 740 quarn
414 671 489 720 non
507 657 675 742 augetur,
688 649 861 743 quodque
873 647 964 720 olim
977 646 1197 743 vulgabatur
1210 647 1270 745 ἔχε
1284 659 1425 743 quater,

286 773 366 872 ἔχον
374 777 607 864 duodeciens,
614 776 728 850 semel
739 776 881 874 κατέχον
892 777 1138 875 οῐπαρέχοντο,
1150 803 1195 850 ea
1209 778 1427 850 omniaAldi

285 915 382 977 sunt.
416 916 454 978 et
467 907 633 1004 ἠνέσχετο
652 917 690 979 et
702 903 864 1002 ἀνέσχετο
878 917 934 978 ter
945 917 1144 1001 utrumque
1156 917 1270 980 extat.
1302 931 1426 978 rursus
1556 964 1561 979 .

285 1031 400 1107 ἕλκετο
415 1033 534 1107 ἕποντο
550 1033 924 1134 ἀπελόμεθαὶέξεγέρθη
935 1035 1084 1134 ἐθέλησε
1099 1035 1314 1135 ἐθελήσομεν
1323 1034 1427 1108 ἔλασε

285 1163 409 1238 ἔλασαν
423 1173 502 1236 tum
519 1164 643 1236 Otum
657 1161 775 1236 Aldus
789 1174 984 1238 noverunt.
1029 1167 1077 1236 ab
1092 1163 1200 1264 ἔρρειν
1217 1174 1257 1238 et
1274 1162 1422 1264 ἐξεῖργον

284 1291 370 1392 εἶρξε
385 1293 555 1391 κατεῖρξαν
568 1293 811 1389 fiunt(oontra
821 1295 871 1366 ab
883 1292 973 1390 ἔρδον
985 1292 1108 1392 ἔρξαν),
1116 1305 1155 1367 et
1167 1293 1284 1393 ἔργετο
1296 1289 1424 1392 ἀπεργ-

285 1421 403 1515 μένος,
429 1446 506 1494 non
524 1419 599 1520 ἔρξε
615 1421 789 1522 κάτερξαν,
817 1445 912 1517 quae
933 1421 1071 1499 Ofecit
1087 1425 1260 1518 idemque
1277 1423 1425 1517 saepius
1559 1486 1560 1525 ρ

284 1548 396 1646 ἔνεγκε
414 1549 561 1622 ἐνείκατο
579 1549 732 1649 ἐνείχθη.
787 1576 854 1646 pro
870 1553 913 1650 ἦν
932 1551 974 1624 in
994 1553 1114 1648 prima
1137 1575 1295 1648 persona
1311 1547 1425 1625 semel

284 1679 493 1752 Herodotus
508 1678 550 1752 ἔα
563 1681 661 1752 dixit
674 1681 705 1751 B
717 1681 776 1770 19,
791 1679 906 1753 semel
919 1681 1022 1761 ἔαςΑ
1035 1684 1120 1768 187,
1133 1682 1192 1754 his
1205 1679 1283 1754 ἔατε
1297 1678 1421 1754 Alta.

284 1803 397 1882 E92ss.
443 1819 635 1904 praeterea
647 1835 716 1882 nec
728 1812 809 1904 ipse
827 1835 897 1883 nec
913 1809 991 1883 fere
1011 1811 1098 1907 (vid.
1118 1814 1156 1885 A
1177 1812 1260 1884 181.
1282 1807 1315 1882 H
1338 1811 1422 1884 143.

284 1933 296 2007 l
310 1937 370 2034 31)
385 1937 527 2014 librarii
541 1941 738 2034 quicquam
749 1965 772 2012 a
785 1941 973 2012 communi
987 1963 1154 2014 sermone
1165 1940 1422 2027 discesserunt,

284 2069 347 2140 scd
364 2066 451 2140 Aldi
466 2070 652 2140 temeritas
666 2070 812 2142 invexit
829 2072 936 2163 spica
953 2067 1015 2167 ἔην
1034 2094 1111 2144 non
1129 2072 1184 2142 ita
1199 2093 1321 2164 saepe,
1339 2069 1419 2142 ἔσαν

283 2221 368 2272 vero
388 2197 495 2268 initio
513 2223 639 2292 parce,
665 2222 751 2272 mox
769 2199 1031 2286 confidentius,
1057 2224 1123 2294 per
1144 2209 1329 2272 extremos
1348 2201 1420 2270 iarn

282 2324 396 2398 libros
422 2351 536 2422 prope
562 2327 721 2422 ubique,
752 2353 821 2400 nec
853 2337 978 2402 tamen
1007 2327 1108 2400 idem
1138 2329 1181 2400 in
1212 2328 1422 2423 compositis

286 2479 395 2528 aruris
414 2466 481 2530 est.

391 2585 567 2680 Reliquas
584 2587 661 2668 iam
677 2586 933 2660 declinationis
946 2586 1102 2662 verbalis
1120 2596 1241 2682 partes
1259 2613 1307 2660 ue
1324 2611 1423 2660 sum-

284 2716 413 2788 matim
431 2717 581 2810 quidem
596 2740 696 2788 nune
709 2715 799 2790 licet
816 2717 980 2811 exsequi.
1014 2718 1153 2812 itaque,
1165 2726 1210 2790 ut
1223 2719 1269 2789 de
1281 2717 1421 2790 ratione
1559 2796 1560 2807 ρ

284 2843 414 2918 saltem
439 2845 566 2918 critica
590 2847 701 2918 verbo
726 2869 915 2932 moneam,
951 2847 993 2919 in
1016 2847 1140 2921 verbis
1165 2847 1268 2941 puris
1301 2847 1343 2918 in
1373 2846 1420 2920 ia

282 2971 490 3068 futurisque
506 2974 595 3048 ind
620 2973 730 3070 vulgo
754 2974 1009 3050 desinentibus
1031 3000 1108 3048 non
1132 2976 1264 3050 admisi
1286 2972 1420 3049 formas
1559 2962 1560 3027 l

282 3105 323 3176 in
340 3128 370 3174 ει
388 3113 604 3190 contractas,
630 3113 886 3199 praeterquam
903 3105 943 3178 in
961 3091 1017 3178 tet
1029 3103 1099 3177 ἔδει
1117 3104 1196 3188 δεῖν,
1216 3129 1286 3180 nee
1303 3104 1345 3176 in
1361 3105 1420 3176 his
1559 3088 1560 3179 l

282 3234 371 3328 ipsis
397 3233 537 3327 ubique
563 3243 713 3328 propter
733 3243 836 3306 certa
856 3234 1023 3308 codicum
1050 3233 1280 3320 testimonia,
1317 3235 1419 3306 etin

282 3361 430 3459 ἐθηεῖτο.
480 3364 526 3435 de
551 3386 588 3434 εο
621 3371 742 3436 autem
768 3373 808 3436 et
830 3387 889 3434 ooo
920 3364 960 3435 in
984 3387 1022 3436 εν
1047 3365 1219 3458 cogendis
1248 3371 1316 3436 aut
1345 3386 1420 3436 non

280 3491 451 3586 cogendis
469 3513 579 3585 quem
598 3513 716 3585 nuper
734 3489 887 3564 Carolus
903 3490 1209 3566 Abichteffinxit
1230 3516 1420 3578 canonem,

282 3629 325 3694 ut
343 3644 437 3714 quac
456 3628 542 3692 ante
560 3645 577 3692 ε
594 3624 774 3696 haberent
792 3619 965 3708 vocalem,
987 3645 1035 3694 ne
1052 3631 1126 3694 tres
1143 3622 1314 3716 pluresve
1334 3645 1421 3694 oon-
1559 3596 1560 3661 s

282 3759 469 3824 currerent
488 3747 649 3836 vocales,
675 3751 894 3824 contrahere
910 3748 1024 3824 vellet
1042 3751 1082 3822 in
1101 3775 1154 3838 εο,
1181 3760 1308 3824 contra
1325 3777 1420 3847 quae

281 3887 543 3954 consonantem
567 3905 611 3952 ea
635 3881 852 3954 contrahere
876 3889 1035 3966 vetaret,
1064 3881 1152 3953 satis
1176 3881 1297 3954 haheo
1321 3904 1421 3954 com-

281 4031 509 4082 memorasse.
556 4033 625 4084 nec
648 4009 781 4106 opinor
805 4011 1000 4104 quisquam
1026 4010 1206 4082 rationem
1229 4011 1358 4083 reddet
1382 4037 1420 4084 εο

281 4137 507 4234 diphthongi
531 4139 656 4212 dorico
683 4163 782 4214 more
811 4163 878 4234 pro
903 4165 942 4210 οο
967 4147 1006 4212 et
1035 4163 1077 4212 οο
1103 4137 1165 4235 (κο)
1195 4139 1421 4212 insecundo

281 4267 462 4362 tertiaque
487 4269 632 4366 syzygia
657 4268 817 4342 adscitae
842 4269 1042 4354 interdum,
1068 4267 1171 4340 haud
1194 4278 1418 4356 constanter,

281 4395 380 4468 utin
394 4395 594 4470 ἐδικαιεῦντο
613 4397 777 4494 εἰρώτευν.
812 4399 993 4471 secundae
1012 4406 1134 4470 autern
1152 4397 1420 4493 coniugationis

280 4527 322 4598 in
353 4526 405 4596 aa
438 4529 550 4598 verba
578 4524 688 4619 longe
721 4523 883 4620 plurima
912 4528 957 4598 -in
992 4529 1175 4622 scriptura
1210 4526 1418 4622 principali,
