3175 5092
671 369 816 429 nermo.
1221 389 1315 437 van

178 573 297 644 nuper
321 549 454 645 quibus
479 574 544 646 pro
569 558 736 644 suspecte
760 558 856 621 esset
881 548 1058 644 quidquid
1080 549 1120 619 in
1145 548 1315 640 scriptore

145 779 150 784 Ι
179 677 297 751 nobili
323 703 364 752 ae
382 678 530 750 laudato
552 678 673 750 minus
695 678 841 765 niteret,
863 702 933 750 nec
950 664 1110 771 placeret
1126 676 1199 749 nisi
1216 678 1315 770 quod

179 806 388 901 legitimum
423 805 642 880 conveniens
681 807 898 878 concinnum
928 805 1122 880 videretur.
1182 805 1315 900 quibus

179 959 256 1030 ego,
276 937 306 1006 si
324 937 421 1009 hane
438 959 549 1030 quarn
567 960 666 1007 nune
684 943 830 1008 tuemur
841 933 988 1008 dialecti
1001 935 1160 1028 speeiem
1178 935 1315 1028 impro-

178 1067 268 1135 bent
306 1074 349 1137 ut
391 1090 414 1136 a
454 1063 615 1158 perfecta
647 1064 913 1159 aequabilitate
950 1063 1198 1148 remotiorem,
1240 1087 1314 1134 non

179 1217 362 1286 opponam
399 1202 463 1265 aut
494 1193 627 1265 iactata
661 1191 724 1264 illa
752 1191 994 1287 Hermogenis
1016 1179 1200 1269 Ἑκαταῖος
1223 1191 1313 1288 -τῇ

178 1319 341 1416 διαλέκτῳ
368 1317 504 1418 ἀκράτῳ
532 1321 597 1393 tta
623 1323 677 1392 καὶ
705 1319 745 1392 οὐ
773 1321 962 1418 μεμιγμένῃ
992 1319 1209 1418 χρησάμενος
1235 1315 1314 1388 οὐδὲ

178 1445 258 1518 κατὰ
277 1451 334 1519 τδι
349 1435 537 1546 Ἡρόδοτον
556 1448 705 1548 ποικίλῃ,
731 1473 826 1544 quae
842 1451 891 1520 ad
909 1447 1090 1522 delectum
1108 1449 1313 1532 verborum,

177 1599 252 1648 non
285 1578 332 1648 ad
364 1575 689 1649 conformationem
721 1577 1024 1671 affectionemque
1052 1583 1237 1669 spectant,
1263 1617 1311 1626 -

177 1713 241 1777 aut
272 1703 365 1776 illud
388 1705 579 1800 Apollonii
603 1705 772 1801 Dyscoli‚
799 1708 898 1800 qnod
922 1707 962 1778 in
984 1703 1096 1778 simili
1118 1728 1229 1776 eausa
1250 1705 1314 1776 ad-

56 1919 59 1922 ,
176 1833 302 1905 hibuit
326 1833 476 1906 Lobeelr
503 1833 641 1927 pathol.
667 1835 813 1920 11342,
843 1832 904 1905 οὐκ
929 1831 1154 1926 ἐξυμάλιστοι
1179 1831 1221 1904 τὰ
1245 1839 1312 1902 τῶν

177 1959 359 2032 διαλέκτων
378 1963 432 2032 καὶ
452 1962 596 2054 μάλιστα
618 1961 661 2034 τὰ
685 1968 750 2032 τῶν
772 1955 946 2043 Ἀττικῶν,
974 1963 1072 2055 quod
1097 1961 1234 2033 dietum
1257 1969 1314 2032 est
1398 2048 1405 2058 Δ

175 2090 220 2162 de
239 2091 320 2184 ipso
339 2113 503 2162 sermone
521 2113 596 2162 non
614 2092 699 2162 satis
717 2088 958 2185 aequabiliter
975 2115 1040 2184 per
1055 2113 1181 2162 omnes
1194 2097 1313 2184 partes
1406 2152 1414 2167 .

175 2217 355 2304 absoluto,
380 2243 455 2290 non
473 2221 518 2290 de
536 2220 780 2291 inconstantia
804 2218 1034 2313 loquentium
1059 2219 1314 2292 scribentium·

178 2371 259 2440 que.
309 2345 393 2440 plus
418 2349 517 2441 apud
541 2348 733 2442 quospiam
752 2349 921 2442 ponderis
943 2349 1078 2420 habeat
1096 2349 1193 2441 quod
1212 2346 1314 2418 velut

178 2475 305 2547 Cicero
320 2477 365 2546 de
383 2499 420 2546 se
438 2475 516 2569 ipse
530 2501 668 2570 suaque
682 2478 945 2548 consuetudine
958 2473 1094 2550 fatetur
1107 2480 1209 2547 Orat,
1223 2477 1310 2548 156:

194 2605 284 2675 altas
301 2607 352 2676 ita
370 2603 484 2700 loquer
501 2615 542 2676 at
557 2627 748 2676 emessam
766 2615 828 2689 est,
855 2605 1043 2676 urbevet
1059 2605 1170 2700 prol
1194 2604 1313 2677 deum

178 2731 250 2804 dico
267 2733 322 2804 ael
339 2732 655 2828 protelantem,
680 2732 770 2804 altus
786 2744 826 2804 ut
848 2744 1059 2819 mcesseest
1085 2757 1160 2804 eum
1186 2735 1314 2804 trium

178 2863 317 2932 virum
349 2883 416 2932 aaa
447 2864 655 2946 atrorum,
694 2885 769 2932 eum
802 2864 1055 2933 sestertium
1086 2885 1311 2946 nummum,

178 3013 245 3061 nen
271 3011 546 3074 nummorum,
572 2988 663 3084 qued
677 2991 713 3060 in
730 2990 782 3060 tu
800 2989 1001 3062 contramuto
1024 2992 1123 3060 varia
1142 3014 1210 3062 nou
1233 2989 1312 3062 εει]

179 3129 243 3190 aut
261 3119 359 3212 quod
375 3117 559 3190 verissime
584 3117 727 3189 monuit
751 3117 1009 3190 vocabulorum
1034 3119 1227 3190 aeenimus
1249 3144 1315 3190 ex-

179 3255 277 3318 aetor
308 3243 459 3316 Carolus
480 3246 705 3358 1Lachmann
734 3247 783 3318 ad
807 3247 954 3318 Lueret.
984 3247 1005 3316 I
1035 3246 1104 3318 125
1131 3233 1313 3320 ‘sumam

180 3378 404 3448 enatandum
434 3377 471 3444 ιἰι
494 3372 630 3446 dicaam
662 3373 872 3445 eetberdoee
900 3398 1060 3469 qtmerere
1082 3377 1190 3446 αιιὶιιιι·
1210 3375 1314 3447 illide-

178 3503 264 3574 ratas
281 3490 388 3574 θεοί.
416 3503 481 3574 sed
497 3503 589 3574 haee
605 3501 716 3574 fuerit
729 3500 863 3596 ffigida
880 3505 1060 3596 quaedam
1077 3503 1170 3575 ratio
1188 3503 1313 3598 dispu-

180 3631 292 3702 tandi.
328 3654 413 3701 nem
432 3653 539 3700 suum
553 3631 685 3723 cuique
701 3631 940 3703 scribentium
958 3631 1147 3725 ingenium
1165 3640 1233 3717 est,
1248 3657 1334 3720 sua,

180 3758 374 3854 disciplina
397 3767 436 3830 et
459 3757 638 3831 voluntas.
691 3767 730 3830 at
754 3759 844 3852 quid
871 3748 912 3830 in
935 3759 1114 3831 Herodoti
1138 3759 1312 3845 oratione,
1366 3751 1371 3754 ’

180 3887 326 3982 qualem
350 3887 389 3957 in
408 3887 620 3983 Archetypo
644 3885 755 3960 nisse
779 3896 846 3958 aut
868 3896 1009 3959 eertum
1032 3896 1097 3958 aut
1120 3885 1314 3961 verisimile

179 4029 243 4102 est,
255 4014 448 4088 tolerabile
464 4015 645 4087 iudicetur
661 4015 751 4109 quid
767 4013 1010 4103 intolerabile,
1024 4016 1153 4087 nonin
1167 4016 1314 4089 univer-

179 4169 258 4216 snm
284 4147 519 4216 statuendum
537 4155 592 4216 est
610 4153 674 4215 aut
697 4145 930 4238 praeiudicio,
955 4168 1082 4216 verum
1101 4144 1313 4217 diruendum

180 4273 531 4365 assuescendnmque
550 4271 694 4366 singula
710 4296 878 4366 quaeque
898 4271 1065 4344 sollerter
1089 4275 1313 4346 observando

180 4401 383 4496 eolligendo
402 4425 444 4471 ae
461 4401 654 4494 generibus
673 4401 939 4495 distinguendo.
974 4401 1028 4472 ita
1043 4403 1108 4474 fiet
1125 4411 1168 4474 ut
1184 4401 1313 4487 multa,

183 4551 272 4621 quae
297 4553 398 4601 nune
423 4529 599 4621 dissipata
622 4538 659 4601 et
681 4553 831 4623 poscere
861 4537 899 4599 et
928 4529 1006 4620 pati
1036 4531 1206 4602 videntur
1236 4554 1313 4602 eer-
