<?xml version="1.0" encoding="UTF-8"?>
<!DOCTYPE html PUBLIC "-//W3C//DTD XHTML 1.0 Transitional//EN"
    "http://www.w3.org/TR/xhtml1/DTD/xhtml1-transitional.dtd">
<html xmlns="http://www.w3.org/1999/xhtml" xml:lang="en" lang="en">
 <head>
  <title>
</title>
<meta http-equiv="Content-Type" content="text/html;charset=utf-8" />
  <meta name='ocr-system' content='tesseract 3.04.00' />
  <meta name='ocr-capabilities' content='ocr_page ocr_carea ocr_par ocr_line ocrx_word'/>
</head>
<body>
  <div class='ocr_page' id='page_1' title='image "./herodotihistori01steigoog_0016.png"; bbox 0 0 3175 5092; ppageno 0'>
   <div class='ocr_carea' id='block_1_1' title="bbox 289 343 928 410">
    <p class='ocr_par' dir='ltr' id='par_1_1' title="bbox 289 343 928 410">
     <span class='ocr_line' id='line_1_1' title="bbox 289 343 928 410; baseline 0.002 -15"><span class='ocrx_word' id='word_1_1' title='bbox 289 363 313 410; x_wconf 76' lang='lat' dir='ltr'>x</span> <span class='ocrx_word' id='word_1_2' title='bbox 783 343 928 398; x_wconf 74' lang='lat' dir='ltr'><strong>Praefatio.</strong></span> 
     </span>
    </p>
   </div>
   <div class='ocr_carea' id='block_1_2' title="bbox 281 519 1424 1771">
    <p class='ocr_par' dir='ltr' id='par_1_2' title="bbox 281 519 1424 1771">
     <span class='ocr_line' id='line_1_2' title="bbox 286 519 1423 615; baseline 0 -23"><span class='ocrx_word' id='word_1_3' title='bbox 286 544 364 592; x_wconf 88' lang='lat' dir='ltr'><strong>mos</strong></span> <span class='ocrx_word' id='word_1_4' title='bbox 382 520 503 615; x_wconf 81' lang='lat' dir='ltr'><strong>exegi,</strong></span> <span class='ocrx_word' id='word_1_5' title='bbox 524 545 593 592; x_wconf 88' lang='lat' dir='ltr'><strong>nec</strong></span> <span class='ocrx_word' id='word_1_6' title='bbox 610 519 795 615; x_wconf 90' lang='lat' dir='ltr'><strong>poenituit</strong></span> <span class='ocrx_word' id='word_1_7' title='bbox 812 519 890 592; x_wconf 88' lang='lat' dir='ltr'><strong>eius</strong></span> <span class='ocrx_word' id='word_1_8' title='bbox 907 543 1053 614; x_wconf 82' lang='lat' dir='ltr'><strong>operae,</strong></span> <span class='ocrx_word' id='word_1_9' title='bbox 1077 545 1160 592; x_wconf 93' lang='lat' dir='ltr'><strong>cum</strong></span> <span class='ocrx_word' id='word_1_10' title='bbox 1177 543 1253 591; x_wconf 89' lang='lat' dir='ltr'><strong>nou</strong></span> <span class='ocrx_word' id='word_1_11' title='bbox 1270 543 1389 612; x_wconf 85' lang='lat' dir='ltr'><strong>pauca</strong></span> <span class='ocrx_word' id='word_1_12' title='bbox 1400 545 1423 592; x_wconf 86' lang='lat' dir='ltr'><strong>a</strong></span> 
     </span>
     <span class='ocr_line' id='line_1_3' title="bbox 286 646 1422 743; baseline -0.002 -21"><span class='ocrx_word' id='word_1_13' title='bbox 286 649 633 743; x_wconf 85' lang='lat' dir='ltr'><strong>Schweighaeusero</strong></span> <span class='ocrx_word' id='word_1_14' title='bbox 649 647 707 722; x_wconf 91' lang='lat' dir='ltr'><strong>vel</strong></span> <span class='ocrx_word' id='word_1_15' title='bbox 721 649 976 743; x_wconf 87' lang='lat' dir='ltr'><strong>praetermissa</strong></span> <span class='ocrx_word' id='word_1_16' title='bbox 988 646 1049 720; x_wconf 91' lang='lat' dir='ltr'><strong>vel</strong></span> <span class='ocrx_word' id='word_1_17' title='bbox 1061 646 1317 742; x_wconf 86' lang='lat' dir='ltr'><strong>neglegentius</strong></span> <span class='ocrx_word' id='word_1_18' title='bbox 1334 671 1422 720; x_wconf 93' lang='lat' dir='ltr'><strong>eno-</strong></span> 
     </span>
     <span class='ocr_line' id='line_1_4' title="bbox 286 775 1423 872; baseline -0.001 -23"><span class='ocrx_word' id='word_1_19' title='bbox 286 785 363 850; x_wconf 83' lang='lat' dir='ltr'><strong>tata</strong></span> <span class='ocrx_word' id='word_1_20' title='bbox 380 778 701 871; x_wconf 83' lang='lat' dir='ltr'><strong>deprehenderem.</strong></span> <span class='ocrx_word' id='word_1_21' title='bbox 747 779 792 850; x_wconf 91' lang='lat' dir='ltr'><strong>de</strong></span> <span class='ocrx_word' id='word_1_22' title='bbox 817 775 891 850; x_wconf 90' lang='lat' dir='ltr'><strong>illis</strong></span> <span class='ocrx_word' id='word_1_23' title='bbox 913 777 1027 872; x_wconf 81' lang='lat' dir='ltr'><strong>igitur</strong></span> <span class='ocrx_word' id='word_1_24' title='bbox 1043 775 1148 848; x_wconf 87' lang='lat' dir='ltr'><strong>libris</strong></span> <span class='ocrx_word' id='word_1_25' title='bbox 1168 801 1288 850; x_wconf 89' lang='lat' dir='ltr'><strong>meam</strong></span> <span class='ocrx_word' id='word_1_26' title='bbox 1308 777 1423 850; x_wconf 84' lang='lat' dir='ltr'><strong>inter-</strong></span> 
     </span>
     <span class='ocr_line' id='line_1_5' title="bbox 286 903 1423 1002; baseline -0.002 -24"><span class='ocrx_word' id='word_1_27' title='bbox 286 929 384 1002; x_wconf 88' lang='lat' dir='ltr'>pono</span> <span class='ocrx_word' id='word_1_28' title='bbox 401 907 524 992; x_wconf 89' lang='lat' dir='ltr'><strong>fidem,</strong></span> <span class='ocrx_word' id='word_1_29' title='bbox 551 913 671 980; x_wconf 89' lang='lat' dir='ltr'><strong>cetera</strong></span> <span class='ocrx_word' id='word_1_30' title='bbox 695 913 838 1000; x_wconf 86' lang='lat' dir='ltr'><strong>praeter</strong></span> <span class='ocrx_word' id='word_1_31' title='bbox 855 928 991 1000; x_wconf 86' lang='lat' dir='ltr'><strong>paucos</strong></span> <span class='ocrx_word' id='word_1_32' title='bbox 1008 906 1184 999; x_wconf 87' lang='lat' dir='ltr'><strong>quosdam</strong></span> <span class='ocrx_word' id='word_1_33' title='bbox 1207 903 1306 978; x_wconf 85' lang='lat' dir='ltr'><strong>locos</strong></span> <span class='ocrx_word' id='word_1_34' title='bbox 1323 930 1348 976; x_wconf 90' lang='lat' dir='ltr'><strong>a</strong></span> <span class='ocrx_word' id='word_1_35' title='bbox 1362 929 1423 977; x_wconf 87' lang='lat' dir='ltr'><strong>me</strong></span> 
     </span>
     <span class='ocr_line' id='line_1_6' title="bbox 286 1033 1420 1128; baseline -0.004 -20"><span class='ocrx_word' id='word_1_36' title='bbox 286 1033 454 1108; x_wconf 88' lang='lat' dir='ltr'><strong>consulto</strong></span> <span class='ocrx_word' id='word_1_37' title='bbox 479 1035 663 1128; x_wconf 83' lang='lat' dir='ltr'><strong>inspectos</strong></span> <span class='ocrx_word' id='word_1_38' title='bbox 694 1059 717 1106; x_wconf 88' lang='lat' dir='ltr'><strong>a</strong></span> <span class='ocrx_word' id='word_1_39' title='bbox 740 1033 1088 1128; x_wconf 84' lang='lat' dir='ltr'><strong>Schweighaeusero</strong></span> <span class='ocrx_word' id='word_1_40' title='bbox 1116 1034 1257 1127; x_wconf 88' lang='lat' dir='ltr'><strong>sumpsi</strong></span> <span class='ocrx_word' id='word_1_41' title='bbox 1285 1034 1420 1106; x_wconf 89' lang='lat' dir='ltr'><strong>omnia.</strong></span> 
     </span>
     <span class='ocr_line' id='line_1_7' title="bbox 287 1161 1424 1257; baseline -0.002 -21"><span class='ocrx_word' id='word_1_42' title='bbox 287 1163 352 1257; x_wconf 90' lang='lat' dir='ltr'><strong>qui</strong></span> <span class='ocrx_word' id='word_1_43' title='bbox 369 1165 457 1236; x_wconf 93' lang='lat' dir='ltr'><strong>dum</strong></span> <span class='ocrx_word' id='word_1_44' title='bbox 476 1164 522 1234; x_wconf 91' lang='lat' dir='ltr'><strong>ad</strong></span> <span class='ocrx_word' id='word_1_45' title='bbox 540 1163 640 1236; x_wconf 89' lang='lat' dir='ltr'><strong>hune</strong></span> <span class='ocrx_word' id='word_1_46' title='bbox 658 1162 889 1257; x_wconf 88' lang='lat' dir='ltr'><strong>potissimum</strong></span> <span class='ocrx_word' id='word_1_47' title='bbox 914 1161 1078 1234; x_wconf 78' lang='lat' dir='ltr'><strong>codicem</strong></span> <span class='ocrx_word' id='word_1_48' title='bbox 1093 1183 1199 1234; x_wconf 89' lang='lat' dir='ltr'><strong>suam</strong></span> <span class='ocrx_word' id='word_1_49' title='bbox 1215 1162 1424 1234; x_wconf 88' lang='lat' dir='ltr'><strong>moderatur</strong></span> 
     </span>
     <span class='ocr_line' id='line_1_8' title="bbox 287 1289 1424 1386; baseline -0.004 -21"><span class='ocrx_word' id='word_1_50' title='bbox 287 1292 496 1377; x_wconf 83' lang='lat' dir='ltr'><strong>editionem,</strong></span> <span class='ocrx_word' id='word_1_51' title='bbox 524 1292 671 1385; x_wconf 86' lang='lat' dir='ltr'><strong>saepius</strong></span> <span class='ocrx_word' id='word_1_52' title='bbox 691 1315 803 1386; x_wconf 87' lang='lat' dir='ltr'><strong>quam</strong></span> <span class='ocrx_word' id='word_1_53' title='bbox 820 1289 933 1364; x_wconf 83' lang='lat' dir='ltr'><strong>velles</strong></span> <span class='ocrx_word' id='word_1_54' title='bbox 951 1297 1017 1362; x_wconf 91' lang='lat' dir='ltr'><strong>aut</strong></span> <span class='ocrx_word' id='word_1_55' title='bbox 1033 1289 1157 1363; x_wconf 88' lang='lat' dir='ltr'><strong>omisit</strong></span> <span class='ocrx_word' id='word_1_56' title='bbox 1180 1291 1226 1363; x_wconf 88' lang='lat' dir='ltr'><strong>de</strong></span> <span class='ocrx_word' id='word_1_57' title='bbox 1244 1311 1289 1362; x_wconf 93' lang='lat' dir='ltr'><strong>eo</strong></span> <span class='ocrx_word' id='word_1_58' title='bbox 1305 1289 1424 1362; x_wconf 92' lang='lat' dir='ltr'><strong>nomi-</strong></span> 
     </span>
     <span class='ocr_line' id='line_1_9' title="bbox 287 1418 1424 1514; baseline -0.004 -20"><span class='ocrx_word' id='word_1_59' title='bbox 287 1421 401 1494; x_wconf 86' lang='lat' dir='ltr'><strong>natim</strong></span> <span class='ocrx_word' id='word_1_60' title='bbox 434 1421 579 1506; x_wconf 87' lang='lat' dir='ltr'><strong>testari,</strong></span> <span class='ocrx_word' id='word_1_61' title='bbox 615 1428 681 1492; x_wconf 89' lang='lat' dir='ltr'><strong>aut</strong></span> <span class='ocrx_word' id='word_1_62' title='bbox 711 1443 806 1514; x_wconf 90' lang='lat' dir='ltr'><strong>quae</strong></span> <span class='ocrx_word' id='word_1_63' title='bbox 838 1426 1022 1492; x_wconf 88' lang='lat' dir='ltr'><strong>enotasset</strong></span> <span class='ocrx_word' id='word_1_64' title='bbox 1047 1419 1145 1492; x_wconf 87' lang='lat' dir='ltr'><strong>inter</strong></span> <span class='ocrx_word' id='word_1_65' title='bbox 1170 1418 1424 1492; x_wconf 79' lang='lat' dir='ltr'><strong>describendae</strong></span> 
     </span>
     <span class='ocr_line' id='line_1_10' title="bbox 286 1546 1423 1643; baseline -0.001 -22"><span class='ocrx_word' id='word_1_66' title='bbox 286 1549 460 1622; x_wconf 89' lang='lat' dir='ltr'><strong>lectiones</strong></span> <span class='ocrx_word' id='word_1_67' title='bbox 498 1549 705 1643; x_wconf 69' lang='lat' dir='ltr'><strong>attigerunt</strong></span> <span class='ocrx_word' id='word_1_68' title='bbox 741 1548 931 1621; x_wconf 89' lang='lat' dir='ltr'><strong>hominem</strong></span> <span class='ocrx_word' id='word_1_69' title='bbox 961 1549 1063 1620; x_wconf 89' lang='lat' dir='ltr'><strong>haud</strong></span> <span class='ocrx_word' id='word_1_70' title='bbox 1099 1546 1323 1620; x_wconf 88' lang='lat' dir='ltr'><strong>incuriosum</strong></span> <span class='ocrx_word' id='word_1_71' title='bbox 1358 1549 1423 1620; x_wconf 87' lang='lat' dir='ltr'><strong>sed</strong></span> 
     </span>
     <span class='ocr_line' id='line_1_11' title="bbox 281 1661 1424 1771; baseline 0.002 -25"><span class='ocrx_word' id='word_1_72' title='bbox 281 1661 456 1748; x_wconf 78' lang='lat' dir='ltr'><strong>‘obtusae</strong></span> <span class='ocrx_word' id='word_1_73' title='bbox 482 1675 673 1750; x_wconf 87' lang='lat' dir='ltr'><strong>oculorum</strong></span> <span class='ocrx_word' id='word_1_74' title='bbox 696 1677 819 1749; x_wconf 88' lang='lat' dir='ltr'><strong>aciei&#39;:</strong></span> <span class='ocrx_word' id='word_1_75' title='bbox 864 1677 904 1749; x_wconf 94' lang='lat' dir='ltr'><strong>id</strong></span> <span class='ocrx_word' id='word_1_76' title='bbox 921 1677 1020 1771; x_wconf 92' lang='lat' dir='ltr'><strong>quod</strong></span> <span class='ocrx_word' id='word_1_77' title='bbox 1040 1699 1173 1750; x_wconf 90' lang='lat' dir='ltr'><strong>moneo</strong></span> <span class='ocrx_word' id='word_1_78' title='bbox 1196 1700 1245 1750; x_wconf 90' lang='lat' dir='ltr'><strong>ne</strong></span> <span class='ocrx_word' id='word_1_79' title='bbox 1269 1677 1354 1770; x_wconf 86' lang='lat' dir='ltr'><strong>quis</strong></span> <span class='ocrx_word' id='word_1_80' title='bbox 1378 1700 1424 1748; x_wconf 91' lang='lat' dir='ltr'><strong>eo</strong></span> 
     </span>
    </p>
   </div>
   <div class='ocr_carea' id='block_1_3' title="bbox 157 1801 1425 1900">
    <p class='ocr_par' dir='ltr' id='par_1_3' title="bbox 157 1801 1425 1900">
     <span class='ocr_line' id='line_1_12' title="bbox 157 1801 1425 1900; baseline 0.002 -25"><span class='ocrx_word' id='word_1_81' title='bbox 157 1801 162 1810; x_wconf 86' lang='lat'>&#39;</span> <span class='ocrx_word' id='word_1_82' title='bbox 286 1802 432 1876; x_wconf 87' lang='lat' dir='ltr'><strong>silentio</strong></span> <span class='ocrx_word' id='word_1_83' title='bbox 451 1805 620 1900; x_wconf 88' lang='lat' dir='ltr'><strong>cupidius</strong></span> <span class='ocrx_word' id='word_1_84' title='bbox 639 1808 824 1878; x_wconf 87' lang='lat' dir='ltr'><strong>abutatur.</strong></span> <span class='ocrx_word' id='word_1_85' title='bbox 869 1802 1015 1878; x_wconf 86' lang='lat' dir='ltr'><strong>infolio</strong></span> <span class='ocrx_word' id='word_1_86' title='bbox 1032 1803 1165 1878; x_wconf 87' lang='lat' dir='ltr'><strong>codicis</strong></span> <span class='ocrx_word' id='word_1_87' title='bbox 1189 1812 1233 1877; x_wconf 91' lang='lat' dir='ltr'><strong>ut</strong></span> <span class='ocrx_word' id='word_1_88' title='bbox 1249 1829 1350 1877; x_wconf 93' lang='lat' dir='ltr'><strong>nunc</strong></span> <span class='ocrx_word' id='word_1_89' title='bbox 1367 1813 1425 1878; x_wconf 88' lang='lat' dir='ltr'><strong>est</strong></span> 
     </span>
    </p>
   </div>
   <div class='ocr_carea' id='block_1_4' title="bbox 285 1930 1425 2287">
    <p class='ocr_par' dir='ltr' id='par_1_4' title="bbox 285 1930 1425 2287">
     <span class='ocr_line' id='line_1_13' title="bbox 286 1930 1424 2029; baseline 0.001 -25"><span class='ocrx_word' id='word_1_90' title='bbox 286 1930 418 2004; x_wconf 88' lang='lat' dir='ltr'><strong>ultimo</strong></span> <span class='ocrx_word' id='word_1_91' title='bbox 435 1931 570 2028; x_wconf 87' lang='lat' dir='ltr'><strong>legitur</strong></span> <span class='ocrx_word' id='word_1_92' title='bbox 587 1931 720 2015; x_wconf 75' lang='grc' dir='ltr'><strong>Λέξεων</strong></span> <span class='ocrx_word' id='word_1_93' title='bbox 739 1934 1031 2007; x_wconf 88' lang='lat' dir='ltr'><strong>Herodotearum</strong></span> <span class='ocrx_word' id='word_1_94' title='bbox 1047 1930 1308 2029; x_wconf 75' lang='lat' dir='ltr'><strong>fragmentum:</strong></span> <span class='ocrx_word' id='word_1_95' title='bbox 1329 1957 1424 2027; x_wconf 90' lang='lat' dir='ltr'><strong>quae</strong></span> 
     </span>
     <span class='ocr_line' id='line_1_14' title="bbox 285 2060 1424 2156; baseline 0.002 -22"><span class='ocrx_word' id='word_1_96' title='bbox 285 2061 419 2135; x_wconf 77' lang='lat' dir='ltr'><strong>desunt</strong></span> <span class='ocrx_word' id='word_1_97' title='bbox 447 2061 635 2156; x_wconf 90' lang='lat' dir='ltr'><strong>perierunt</strong></span> <span class='ocrx_word' id='word_1_98' title='bbox 666 2083 750 2136; x_wconf 88' lang='lat' dir='ltr'><strong>cum</strong></span> <span class='ocrx_word' id='word_1_99' title='bbox 777 2060 868 2136; x_wconf 90' lang='lat' dir='ltr'><strong>folio</strong></span> <span class='ocrx_word' id='word_1_100' title='bbox 898 2062 1088 2156; x_wconf 84' lang='lat' dir='ltr'><strong>proximo,</strong></span> <span class='ocrx_word' id='word_1_101' title='bbox 1124 2085 1348 2156; x_wconf 86' lang='lat' dir='ltr'><strong>quamquam</strong></span> <span class='ocrx_word' id='word_1_102' title='bbox 1375 2087 1424 2136; x_wconf 91' lang='lat' dir='ltr'><strong>ne</strong></span> 
     </span>
     <span class='ocr_line' id='line_1_15' title="bbox 285 2187 1425 2287; baseline 0.002 -25"><span class='ocrx_word' id='word_1_103' title='bbox 285 2187 380 2262; x_wconf 84' lang='lat' dir='ltr'><strong>iliud</strong></span> <span class='ocrx_word' id='word_1_104' title='bbox 404 2191 553 2284; x_wconf 90' lang='lat' dir='ltr'><strong>quidem</strong></span> <span class='ocrx_word' id='word_1_105' title='bbox 581 2192 702 2287; x_wconf 87' lang='lat' dir='ltr'><strong>ipsum</strong></span> <span class='ocrx_word' id='word_1_106' title='bbox 731 2193 843 2264; x_wconf 87' lang='lat' dir='ltr'><strong>adeso</strong></span> <span class='ocrx_word' id='word_1_107' title='bbox 873 2194 1107 2264; x_wconf 76' lang='lat' dir='ltr'><strong>membranae</strong></span> <span class='ocrx_word' id='word_1_108' title='bbox 1138 2191 1304 2286; x_wconf 79' lang='lat' dir='ltr'><strong>margine</strong></span> <span class='ocrx_word' id='word_1_109' title='bbox 1327 2191 1425 2264; x_wconf 86' lang='lat' dir='ltr'><strong>intc-</strong></span> 
     </span>
    </p>
   </div>
   <div class='ocr_carea' id='block_1_5' title="bbox 285 2317 1567 2427">
    <p class='ocr_par' dir='ltr' id='par_1_5' title="bbox 285 2317 1567 2427">
     <span class='ocr_line' id='line_1_16' title="bbox 285 2317 1567 2427; baseline 0.002 -35"><span class='ocrx_word' id='word_1_110' title='bbox 285 2341 393 2413; x_wconf 89' lang='lat' dir='ltr'><strong>grum</strong></span> <span class='ocrx_word' id='word_1_111' title='bbox 411 2320 557 2392; x_wconf 88' lang='lat' dir='ltr'><strong>mansit.</strong></span> <span class='ocrx_word' id='word_1_112' title='bbox 595 2321 659 2394; x_wconf 88' lang='lat' dir='ltr'><strong>sed</strong></span> <span class='ocrx_word' id='word_1_113' title='bbox 676 2321 721 2393; x_wconf 92' lang='lat' dir='ltr'><strong>de</strong></span> <span class='ocrx_word' id='word_1_114' title='bbox 739 2321 812 2392; x_wconf 92' lang='lat' dir='ltr'><strong>hoc</strong></span> <span class='ocrx_word' id='word_1_115' title='bbox 829 2318 940 2414; x_wconf 89' lang='lat' dir='ltr'><strong>plura</strong></span> <span class='ocrx_word' id='word_1_116' title='bbox 955 2318 1196 2394; x_wconf 86' lang='lat' dir='ltr'><strong>involumine</strong></span> <span class='ocrx_word' id='word_1_117' title='bbox 1213 2317 1339 2407; x_wconf 83' lang='lat' dir='ltr'><strong>altero,</strong></span> <span class='ocrx_word' id='word_1_118' title='bbox 1357 2321 1425 2394; x_wconf 90' lang='lat' dir='ltr'><strong>ubi</strong></span> <span class='ocrx_word' id='word_1_119' title='bbox 1566 2414 1567 2427; x_wconf 10' lang='grc' dir='ltr'>ἵ</span> 
     </span>
    </p>
   </div>
   <div class='ocr_carea' id='block_1_6' title="bbox 197 2443 1477 4611">
    <p class='ocr_par' dir='ltr' id='par_1_6' title="bbox 286 2443 690 2530">
     <span class='ocr_line' id='line_1_17' title="bbox 286 2443 690 2530; baseline 0 -10"><span class='ocrx_word' id='word_1_120' title='bbox 286 2443 403 2530; x_wconf 64' lang='lat' dir='ltr'><strong>datur</strong></span> <span class='ocrx_word' id='word_1_121' title='bbox 420 2446 506 2522; x_wconf 85' lang='lat' dir='ltr'><strong>illae</strong></span> <span class='ocrx_word' id='word_1_122' title='bbox 524 2450 690 2522; x_wconf 84' lang='lat' dir='ltr'><strong>edentur.</strong></span> 
     </span>
    </p>

    <p class='ocr_par' dir='ltr' id='par_1_7' title="bbox 197 2574 1477 4611">
     <span class='ocr_line' id='line_1_18' title="bbox 390 2574 1425 2652; baseline 0.002 -4"><span class='ocrx_word' id='word_1_123' title='bbox 390 2578 424 2648; x_wconf 89' lang='grc'><strong>4.</strong></span> <span class='ocrx_word' id='word_1_124' title='bbox 455 2576 495 2649; x_wconf 92' lang='grc' dir='ltr'><em>Ρ</em></span> <span class='ocrx_word' id='word_1_125' title='bbox 524 2577 711 2650; x_wconf 75' lang='lat' dir='ltr'><strong>Parisinus</strong></span> <span class='ocrx_word' id='word_1_126' title='bbox 729 2574 978 2652; x_wconf 81' lang='lat' dir='ltr'><strong>bibliothecae</strong></span> <span class='ocrx_word' id='word_1_127' title='bbox 1001 2583 1045 2648; x_wconf 91' lang='lat' dir='ltr'><strong>ut</strong></span> <span class='ocrx_word' id='word_1_128' title='bbox 1067 2601 1168 2650; x_wconf 90' lang='lat' dir='ltr'><strong>nunc</strong></span> <span class='ocrx_word' id='word_1_129' title='bbox 1184 2585 1337 2652; x_wconf 86' lang='lat' dir='ltr'><strong>vocatur</strong></span> <span class='ocrx_word' id='word_1_130' title='bbox 1354 2577 1425 2650; x_wconf 91' lang='lat' dir='ltr'><strong>im·</strong></span> 
     </span>
     <span class='ocr_line' id='line_1_19' title="bbox 286 2702 1426 2800; baseline 0.002 -22"><span class='ocrx_word' id='word_1_131' title='bbox 286 2704 434 2800; x_wconf 78' lang='lat' dir='ltr'><strong>periclis</strong></span> <span class='ocrx_word' id='word_1_132' title='bbox 452 2730 606 2778; x_wconf 91' lang='lat' dir='ltr'><strong>numero</strong></span> <span class='ocrx_word' id='word_1_133' title='bbox 628 2707 737 2788; x_wconf 88' lang='grc'><strong>1633,</strong></span> <span class='ocrx_word' id='word_1_134' title='bbox 752 2702 1152 2792; x_wconf 59' lang='lat' dir='ltr'><strong>membranaceum</strong></span> <span class='ocrx_word' id='word_1_135' title='bbox 1168 2705 1282 2799; x_wconf 84' lang='lat' dir='ltr'><strong>paulo</strong></span> <span class='ocrx_word' id='word_1_136' title='bbox 1295 2706 1426 2781; x_wconf 87' lang='lat' dir='ltr'><strong>maiori</strong></span> 
     </span>
     <span class='ocr_line' id='line_1_20' title="bbox 287 2831 1425 2928; baseline 0.002 -22"><span class='ocrx_word' id='word_1_137' title='bbox 287 2858 398 2928; x_wconf 90' lang='lat' dir='ltr'><strong>quam</strong></span> <span class='ocrx_word' id='word_1_138' title='bbox 412 2836 599 2928; x_wconf 87' lang='lat' dir='ltr'><strong>quadrata,</strong></span> <span class='ocrx_word' id='word_1_139' title='bbox 614 2835 805 2908; x_wconf 86' lang='lat' dir='ltr'><strong>continens</strong></span> <span class='ocrx_word' id='word_1_140' title='bbox 817 2831 1009 2907; x_wconf 78' lang='lat' dir='ltr'><strong>fasciculos</strong></span> <span class='ocrx_word' id='word_1_141' title='bbox 1021 2843 1235 2908; x_wconf 87' lang='lat' dir='ltr'><strong>octonorum</strong></span> <span class='ocrx_word' id='word_1_142' title='bbox 1251 2831 1425 2908; x_wconf 82' lang='lat' dir='ltr'><strong>foliorum</strong></span> 
     </span>
     <span class='ocr_line' id='line_1_21' title="bbox 287 2962 1425 3057; baseline 0 -22"><span class='ocrx_word' id='word_1_143' title='bbox 287 2962 334 3035; x_wconf 87' lang='grc'><strong>36</strong></span> <span class='ocrx_word' id='word_1_144' title='bbox 369 2963 530 3057; x_wconf 88' lang='lat' dir='ltr'><strong>signatos</strong></span> <span class='ocrx_word' id='word_1_145' title='bbox 563 2965 650 3038; x_wconf 90' lang='lat' dir='ltr'><strong>inde</strong></span> <span class='ocrx_word' id='word_1_146' title='bbox 681 2967 728 3038; x_wconf 89' lang='lat' dir='ltr'><strong>ab</strong></span> <span class='ocrx_word' id='word_1_147' title='bbox 759 2963 1044 3038; x_wconf 81' lang='lat' dir='ltr'><strong>undetricesimo</strong></span> <span class='ocrx_word' id='word_1_148' title='bbox 1079 2963 1237 3038; x_wconf 91' lang='lat' dir='ltr'><strong>numeris</strong></span> <span class='ocrx_word' id='word_1_149' title='bbox 1269 2963 1310 3036; x_wconf 91' lang='lat' dir='ltr'><strong>in</strong></span> <span class='ocrx_word' id='word_1_150' title='bbox 1341 2964 1425 3036; x_wconf 87' lang='lat' dir='ltr'><strong>imis</strong></span> 
     </span>
     <span class='ocr_line' id='line_1_22' title="bbox 286 3090 1422 3186; baseline -0.001 -22"><span class='ocrx_word' id='word_1_151' title='bbox 286 3092 512 3186; x_wconf 73' lang='lat' dir='ltr'><strong>marginibus</strong></span> <span class='ocrx_word' id='word_1_152' title='bbox 543 3092 654 3186; x_wconf 90' lang='lat' dir='ltr'><strong>primi</strong></span> <span class='ocrx_word' id='word_1_153' title='bbox 685 3092 863 3186; x_wconf 84' lang='lat' dir='ltr'><strong>cuiusque</strong></span> <span class='ocrx_word' id='word_1_154' title='bbox 892 3099 931 3164; x_wconf 89' lang='lat' dir='ltr'><strong>et</strong></span> <span class='ocrx_word' id='word_1_155' title='bbox 954 3093 1075 3165; x_wconf 86' lang='lat' dir='ltr'><strong>octavi</strong></span> <span class='ocrx_word' id='word_1_156' title='bbox 1105 3090 1187 3164; x_wconf 78' lang='lat' dir='ltr'><strong>folii</strong></span> <span class='ocrx_word' id='word_1_157' title='bbox 1219 3091 1422 3186; x_wconf 85' lang='lat' dir='ltr'><strong>adscriptis.</strong></span> 
     </span>
     <span class='ocr_line' id='line_1_23' title="bbox 287 3217 1425 3315; baseline -0.003 -21"><span class='ocrx_word' id='word_1_158' title='bbox 287 3218 411 3294; x_wconf 89' lang='lat' dir='ltr'><strong>ultimi</strong></span> <span class='ocrx_word' id='word_1_159' title='bbox 423 3217 588 3294; x_wconf 71' lang='lat' dir='ltr'><strong>fasciculi</strong></span> <span class='ocrx_word' id='word_1_160' title='bbox 603 3230 760 3315; x_wconf 89' lang='lat' dir='ltr'><strong>quatuor</strong></span> <span class='ocrx_word' id='word_1_161' title='bbox 772 3218 1090 3294; x_wconf 85' lang='lat' dir='ltr'><strong>foliamanserrmt</strong></span> <span class='ocrx_word' id='word_1_162' title='bbox 1102 3244 1229 3292; x_wconf 87' lang='lat' dir='ltr'><strong>vacua.</strong></span> <span class='ocrx_word' id='word_1_163' title='bbox 1257 3218 1425 3314; x_wconf 86' lang='lat' dir='ltr'><strong>singulae</strong></span> 
     </span>
     <span class='ocr_line' id='line_1_24' title="bbox 286 3346 1423 3445; baseline 0 -25"><span class='ocrx_word' id='word_1_164' title='bbox 286 3351 443 3444; x_wconf 83' lang='lat' dir='ltr'><strong>paginae</strong></span> <span class='ocrx_word' id='word_1_165' title='bbox 486 3350 636 3423; x_wconf 81' lang='lat' dir='ltr'><strong>tricenis</strong></span> <span class='ocrx_word' id='word_1_166' title='bbox 680 3349 806 3445; x_wconf 85' lang='lat' dir='ltr'><strong>quinis</strong></span> <span class='ocrx_word' id='word_1_167' title='bbox 848 3346 926 3422; x_wconf 89' lang='lat' dir='ltr'><strong>fere</strong></span> <span class='ocrx_word' id='word_1_168' title='bbox 966 3347 1133 3420; x_wconf 87' lang='lat' dir='ltr'><strong>versibus</strong></span> <span class='ocrx_word' id='word_1_169' title='bbox 1171 3347 1423 3422; x_wconf 84' lang='lat' dir='ltr'><strong>absolvrmtur.</strong></span> 
     </span>
     <span class='ocr_line' id='line_1_25' title="bbox 197 3474 1426 3573; baseline 0.003 -25"><span class='ocrx_word' id='word_1_170' title='bbox 197 3511 202 3520; x_wconf 91' lang='lat'><em>·</em></span> <span class='ocrx_word' id='word_1_171' title='bbox 286 3479 444 3572; x_wconf 84' lang='lat' dir='ltr'><strong>scriptus</strong></span> <span class='ocrx_word' id='word_1_172' title='bbox 470 3487 526 3550; x_wconf 91' lang='lat' dir='ltr'><strong>est</strong></span> <span class='ocrx_word' id='word_1_173' title='bbox 550 3487 628 3552; x_wconf 83' lang='lat' dir='ltr'><strong>arte</strong></span> <span class='ocrx_word' id='word_1_174' title='bbox 647 3477 757 3573; x_wconf 90' lang='lat' dir='ltr'><strong>plane</strong></span> <span class='ocrx_word' id='word_1_175' title='bbox 782 3474 963 3571; x_wconf 80' lang='lat' dir='ltr'><strong>singulari</strong></span> <span class='ocrx_word' id='word_1_176' title='bbox 988 3498 1203 3571; x_wconf 88' lang='lat' dir='ltr'><strong>summaque</strong></span> <span class='ocrx_word' id='word_1_177' title='bbox 1221 3499 1320 3564; x_wconf 88' lang='lat' dir='ltr'><strong>cura,</strong></span> <span class='ocrx_word' id='word_1_178' title='bbox 1347 3501 1426 3552; x_wconf 85' lang='lat' dir='ltr'><strong>sae-</strong></span> 
     </span>
     <span class='ocr_line' id='line_1_26' title="bbox 287 3605 1425 3701; baseline 0 -23"><span class='ocrx_word' id='word_1_179' title='bbox 287 3605 386 3693; x_wconf 88' lang='lat' dir='ltr'><strong>culo,</strong></span> <span class='ocrx_word' id='word_1_180' title='bbox 418 3615 461 3680; x_wconf 94' lang='lat' dir='ltr'><strong>ut</strong></span> <span class='ocrx_word' id='word_1_181' title='bbox 490 3606 585 3680; x_wconf 89' lang='lat' dir='ltr'><strong>mihi</strong></span> <span class='ocrx_word' id='word_1_182' title='bbox 617 3607 830 3693; x_wconf 88' lang='lat' dir='ltr'><strong>videbatur,</strong></span> <span class='ocrx_word' id='word_1_183' title='bbox 866 3605 976 3678; x_wconf 89' lang='lat' dir='ltr'><strong>tertio</strong></span> <span class='ocrx_word' id='word_1_184' title='bbox 1007 3605 1168 3692; x_wconf 87' lang='lat' dir='ltr'><strong>decimo,</strong></span> <span class='ocrx_word' id='word_1_185' title='bbox 1200 3606 1425 3701; x_wconf 87' lang='lat' dir='ltr'><strong>compendiis</strong></span> 
     </span>
     <span class='ocr_line' id='line_1_27' title="bbox 287 3731 1426 3829; baseline 0 -21"><span class='ocrx_word' id='word_1_186' title='bbox 287 3759 405 3829; x_wconf 89' lang='lat' dir='ltr'><strong>paene</strong></span> <span class='ocrx_word' id='word_1_187' title='bbox 423 3735 546 3808; x_wconf 90' lang='lat' dir='ltr'><strong>nullis.</strong></span> <span class='ocrx_word' id='word_1_188' title='bbox 592 3731 766 3808; x_wconf 85' lang='lat' dir='ltr'><strong>librarius</strong></span> <span class='ocrx_word' id='word_1_189' title='bbox 784 3734 968 3828; x_wconf 89' lang='lat' dir='ltr'><strong>quidquid</strong></span> <span class='ocrx_word' id='word_1_190' title='bbox 983 3733 1124 3807; x_wconf 88' lang='lat' dir='ltr'><strong>calamo</strong></span> <span class='ocrx_word' id='word_1_191' title='bbox 1141 3738 1323 3808; x_wconf 85' lang='lat' dir='ltr'><strong>turbasset</strong></span> <span class='ocrx_word' id='word_1_192' title='bbox 1338 3734 1426 3808; x_wconf 89' lang='lat' dir='ltr'><strong>reli·</strong></span> 
     </span>
     <span class='ocr_line' id='line_1_28' title="bbox 285 3861 1426 3959; baseline -0.001 -22"><span class='ocrx_word' id='word_1_193' title='bbox 285 3865 387 3959; x_wconf 89' lang='lat' dir='ltr'><strong>giose</strong></span> <span class='ocrx_word' id='word_1_194' title='bbox 411 3865 582 3949; x_wconf 84' lang='lat' dir='ltr'><strong>correxit,</strong></span> <span class='ocrx_word' id='word_1_195' title='bbox 607 3864 779 3955; x_wconf 91' lang='lat' dir='ltr'><strong>idemque</strong></span> <span class='ocrx_word' id='word_1_196' title='bbox 805 3861 940 3936; x_wconf 84' lang='lat' dir='ltr'><strong>multas</strong></span> <span class='ocrx_word' id='word_1_197' title='bbox 965 3870 1046 3935; x_wconf 92' lang='lat' dir='ltr'><strong>tum</strong></span> <span class='ocrx_word' id='word_1_198' title='bbox 1069 3864 1168 3937; x_wconf 88' lang='lat' dir='ltr'><strong>inter</strong></span> <span class='ocrx_word' id='word_1_199' title='bbox 1184 3866 1283 3958; x_wconf 84' lang='lat' dir='ltr'><strong>ipsos</strong></span> <span class='ocrx_word' id='word_1_200' title='bbox 1301 3888 1426 3937; x_wconf 87' lang='lat' dir='ltr'><strong>versus</strong></span> 
     </span>
     <span class='ocr_line' id='line_1_29' title="bbox 287 3991 1425 4087; baseline 0 -21"><span class='ocrx_word' id='word_1_201' title='bbox 287 4002 366 4066; x_wconf 93' lang='lat' dir='ltr'><strong>tum</strong></span> <span class='ocrx_word' id='word_1_202' title='bbox 391 3995 432 4066; x_wconf 91' lang='lat' dir='ltr'><strong>in</strong></span> <span class='ocrx_word' id='word_1_203' title='bbox 450 3992 677 4087; x_wconf 86' lang='lat' dir='ltr'><strong>marginibus</strong></span> <span class='ocrx_word' id='word_1_204' title='bbox 699 3991 892 4085; x_wconf 84' lang='lat' dir='ltr'><strong>adscripsit</strong></span> <span class='ocrx_word' id='word_1_205' title='bbox 909 3993 1121 4078; x_wconf 85' lang='lat' dir='ltr'><strong>varietates,</strong></span> <span class='ocrx_word' id='word_1_206' title='bbox 1146 4015 1425 4087; x_wconf 89' lang='lat' dir='ltr'><strong>nonnumquam</strong></span> 
     </span>
     <span class='ocr_line' id='line_1_30' title="bbox 287 4113 1455 4216; baseline 0.001 -23"><span class='ocrx_word' id='word_1_207' title='bbox 287 4123 443 4216; x_wconf 86' lang='lat' dir='ltr'><strong>antiqua</strong></span> <span class='ocrx_word' id='word_1_208' title='bbox 459 4120 579 4194; x_wconf 85' lang='lat' dir='ltr'><strong>delete</strong></span> <span class='ocrx_word' id='word_1_209' title='bbox 596 4119 785 4194; x_wconf 89' lang='lat' dir='ltr'><strong>meliorem</strong></span> <span class='ocrx_word' id='word_1_210' title='bbox 808 4118 949 4194; x_wconf 87' lang='lat' dir='ltr'><strong>scilicet</strong></span> <span class='ocrx_word' id='word_1_211' title='bbox 968 4119 1118 4193; x_wconf 87' lang='lat' dir='ltr'><strong>aliunde</strong></span> <span class='ocrx_word' id='word_1_212' title='bbox 1135 4121 1281 4195; x_wconf 82' lang='lat' dir='ltr'><strong>suffecit</strong></span> <span class='ocrx_word' id='word_1_213' title='bbox 1296 4120 1425 4196; x_wconf 89' lang='lat' dir='ltr'><strong>lectio·</strong></span> <span class='ocrx_word' id='word_1_214' title='bbox 1452 4113 1455 4118; x_wconf 61' lang='grc'><strong>’</strong></span> 
     </span>
     <span class='ocr_line' id='line_1_31' title="bbox 288 4247 1477 4355; baseline -0.003 -32"><span class='ocrx_word' id='word_1_215' title='bbox 288 4275 385 4338; x_wconf 90' lang='lat' dir='ltr'><strong>nem,</strong></span> <span class='ocrx_word' id='word_1_216' title='bbox 400 4252 547 4344; x_wconf 88' lang='lat' dir='ltr'><strong>saepius</strong></span> <span class='ocrx_word' id='word_1_217' title='bbox 565 4250 677 4323; x_wconf 89' lang='lat' dir='ltr'><strong>etiam</strong></span> <span class='ocrx_word' id='word_1_218' title='bbox 696 4249 812 4345; x_wconf 89' lang='lat' dir='ltr'><strong>signis</strong></span> <span class='ocrx_word' id='word_1_219' title='bbox 831 4249 1051 4343; x_wconf 84' lang='lat' dir='ltr'><strong>quibusdam</strong></span> <span class='ocrx_word' id='word_1_220' title='bbox 1068 4248 1225 4342; x_wconf 88' lang='lat' dir='ltr'><strong>adpictis</strong></span> <span class='ocrx_word' id='word_1_221' title='bbox 1243 4247 1297 4344; x_wconf 82' lang='lat'><strong>(·:·</strong></span> <span class='ocrx_word' id='word_1_222' title='bbox 1325 4277 1346 4320; x_wconf 91' lang='lat'><strong>·:</strong></span> <span class='ocrx_word' id='word_1_223' title='bbox 1363 4249 1424 4345; x_wconf 78' lang='lat'>-{-)</span> <span class='ocrx_word' id='word_1_224' title='bbox 1470 4345 1477 4355; x_wconf 34' lang='lat'><strong>·</strong></span> 
     </span>
     <span class='ocr_line' id='line_1_32' title="bbox 287 4376 1426 4476; baseline -0.001 -24"><span class='ocrx_word' id='word_1_225' title='bbox 287 4380 511 4476; x_wconf 86' lang='lat' dir='ltr'><strong>significasse</strong></span> <span class='ocrx_word' id='word_1_226' title='bbox 536 4386 731 4452; x_wconf 77' lang='lat' dir='ltr'><strong>contentus</strong></span> <span class='ocrx_word' id='word_1_227' title='bbox 757 4376 818 4451; x_wconf 90' lang='lat' dir='ltr'><strong>vel</strong></span> <span class='ocrx_word' id='word_1_228' title='bbox 847 4387 973 4450; x_wconf 82' lang='lat' dir='ltr'><strong>extare</strong></span> <span class='ocrx_word' id='word_1_229' title='bbox 1004 4378 1252 4452; x_wconf 80' lang='lat' dir='ltr'><strong>diversitatem</strong></span> <span class='ocrx_word' id='word_1_230' title='bbox 1280 4376 1339 4451; x_wconf 90' lang='lat' dir='ltr'><strong>vel</strong></span> <span class='ocrx_word' id='word_1_231' title='bbox 1368 4403 1426 4451; x_wconf 92' lang='lat' dir='ltr'><strong>re-</strong></span> 
     </span>
     <span class='ocr_line' id='line_1_33' title="bbox 288 4503 1427 4611; baseline 0.001 -30"><span class='ocrx_word' id='word_1_232' title='bbox 288 4509 397 4611; x_wconf 89' lang='lat' dir='ltr'><strong>quiri.</strong></span> <span class='ocrx_word' id='word_1_233' title='bbox 452 4531 525 4608; x_wconf 89' lang='lat' dir='ltr'><strong>qua</strong></span> <span class='ocrx_word' id='word_1_234' title='bbox 543 4507 693 4606; x_wconf 90' lang='lat' dir='ltr'><strong>quidem</strong></span> <span class='ocrx_word' id='word_1_235' title='bbox 715 4529 805 4582; x_wconf 79' lang='lat' dir='ltr'><strong>cura</strong></span> <span class='ocrx_word' id='word_1_236' title='bbox 827 4505 998 4582; x_wconf 84' lang='lat' dir='ltr'><strong>effectum</strong></span> <span class='ocrx_word' id='word_1_237' title='bbox 1020 4515 1076 4582; x_wconf 87' lang='lat' dir='ltr'><strong>est</strong></span> <span class='ocrx_word' id='word_1_238' title='bbox 1093 4512 1136 4580; x_wconf 89' lang='lat' dir='ltr'><strong>ut</strong></span> <span class='ocrx_word' id='word_1_239' title='bbox 1151 4503 1239 4582; x_wconf 88' lang='lat' dir='ltr'><strong>libri</strong></span> <span class='ocrx_word' id='word_1_240' title='bbox 1256 4508 1427 4583; x_wconf 78' lang='lat' dir='ltr'><strong>evaderet</strong></span> 
     </span>
    </p>
   </div>
   <div class='ocr_carea' id='block_1_7' title="bbox 0 0 1594 5092">
    <p class='ocr_par' dir='ltr' id='par_1_8' title="bbox 0 0 1594 5092">
     <span class='ocr_line' id='line_1_34' title="bbox 0 0 1594 5092; baseline 0 0"><span class='ocrx_word' id='word_1_241' title='bbox 0 0 1594 5092; x_wconf 95' lang='lat' dir='ltr'><strong> </strong></span> 
     </span>
    </p>
   </div>
  </div>
 </body>
</html>
