3175 5092
287 313 327 377 84
757 311 957 374 -A-

287 490 342 561 καὶ
359 486 463 559 πάλαι
489 486 598 559 δοκέω
621 486 729 559 πάντα
756 484 1043 584 ἐκμεμαθηκέναι,
1074 484 1134 557 σέο
1156 484 1325 557 τεωαύτού
1349 481 1430 581 πέρι

287 612 335 690 ὡς
353 606 525 707 ἐπρήχθη,
555 610 608 679 καὶ
634 605 690 680 οία
716 606 783 704 ἐγὼ
804 607 868 681 ὑπὸ
882 596 1089 704 Ἀστυάγεος
1111 604 1275 687 πέπονθα,
1306 605 1361 677 άτι
1390 626 1430 673 σε

287 730 347 801 οὐκ
364 726 540 801 ἀπέκτεινα
560 724 649 799 ἀλλά
668 727 781 800 ἔδωκα
798 730 849 825 τῷ
869 726 1034 829 βουκύλιρ.
1077 727 1121 799 σύ
1146 753 1213 809 νυν,
1241 725 1284 823 ήν
1314 722 1430 826 βούλῃ

287 851 363 947 ἐμοὶ
381 848 575 932 πείθεσθαι,
607 856 668 948 τῆς
695 874 759 947 περ
781 837 977 947 Ἀστυάγης
1005 845 1104 947 άρχει
1131 851 1266 946 χώρης,
1295 846 1433 941 ταύτης

288 969 424 1069 ἀπάσης
442 967 560 1069 ἀρξεις.
608 966 742 1065 Πέρσας
759 968 824 1067 γὰρ
841 965 1027 1049 ἀναπείσας
1050 963 1257 1039 ἀπίστασθαι
1273 989 1431 1065 στρατη·
1465 972 1480 1022 ⁵

288 1090 384 1163 λάτεε
403 1090 457 1163 ἐπὶ
476 1084 634 1187 Μήδους·
655 1091 711 1159 καὶ
728 1089 770 1187 ην
789 1113 825 1161 τε
843 1087 912 1186 ἐγὼ
928 1089 994 1161 ύπδ
1006 1078 1206 1185 Ἀστυάγεος
1221 1081 1432 1181 ἀποδεχθέω

287 1212 474 1311 στρατηγὸς
492 1205 586 1281 ἀντία
604 1214 674 1293 σεύ,
701 1207 772 1281 ἔστι
790 1234 841 1279 τοι
858 1207 901 1281 τά
919 1210 960 1283 σὺ
979 1207 1127 1310 βούλεαι,
1155 1208 1198 1306 ἢν
1222 1232 1259 1278 τε
1283 1211 1355 1276 τῶν
1381 1228 1433 1282 τις

287 1333 434 1425 δοκίμων
461 1327 565 1411 ἀλλος
590 1324 743 1428 Μήδων·
776 1335 904 1429 πράκτοι
932 1327 994 1427 γάρ
1018 1328 1110 1400 οὖτοι
1136 1324 1345 1405 ἀποστάντες
1364 1311 1426 1395 ἀπ’

287 1452 414 1525 ἐκείνου
437 1452 490 1522 καὶ
515 1452 687 1547 γενόμενοι
705 1449 790 1547 πρὸς
814 1448 874 1521 σέο
888 1439 1078 1546 Ἀστυάγεα
1098 1447 1282 1546 καταιρέειν
1301 1446 1430 1543 πειρή-

287 1595 410 1645 σονται.
453 1571 502 1649 ὡς
526 1571 573 1640 ὧν
599 1567 735 1663 ἑτοίμου
761 1575 822 1642 τού
848 1595 887 1667 γε
913 1568 1033 1642 ἐνθάδε
1056 1568 1177 1650 έάντος,
1207 1570 1303 1637 ποίεε
1321 1568 1432 1635 ταῦτα
1450 1572 1482 1623 ¹0

220 1694 344 1767 125καὶ
368 1694 460 1762 ποίεε
488 1685 572 1761 κατὰ
595 1682 734 1785 τάχος.”
792 1686 937 1770 ἀκούσας
959 1693 1063 1761 ταῦτα
1081 1687 1100 1759 δ
1119 1683 1234 1786 Κύρος
1250 1683 1432 1784 ἐφρόντιζε

288 1814 373 1908 ὅτεῳ
390 1812 505 1909 τρόπῳ
523 1810 713 1907 σοφωτάτῳ
735 1807 871 1909 Πέρσας
889 1806 1063 1882 ἀναπείσει
1081 1805 1295 1886 ἀπίστασθαι,
1320 1829 1430 1903 ιρρον-

286 1932 387 2013 τίζων
406 1927 443 2001 δὲ
461 1928 648 2029 εὑρίσκεται
663 1934 766 2003 ταῦτα
782 1934 984 2027 καιριώτατα
999 1926 1101 2001 εἶναι·
1118 1926 1230 2000 ἐποίεε
1246 1924 1290 2022 δή
1306 1929 1428 1996 ταῦτα.

286 2051 416 2151 γράψας
440 2047 476 2130 ἐς
497 2048 632 2151 βυβλίον
656 2046 698 2121 τά
721 2048 889 2151 ἐβούλετο,
911 2047 1011 2148 ἁλίην
1029 2056 1096 2120 τῶν
1117 2044 1276 2147 Περσέων
1303 2044 1429 2141 ἐποιή-

288 2196 388 2255 σατο,
418 2168 502 2265 μετὰ
529 2166 566 2241 δὲ
592 2166 782 2251 ἀναπτύξας
803 2171 841 2241 τὸ
860 2167 998 2270 βυβλίον
1024 2170 1080 2239 καὶ
1098 2166 1338 2264 ἐπιλεγόμενος
1357 2162 1428 2260 ἔφη
1450 2171 1479 2221 ¹⁵

283 2286 475 2387 Ἀστυάγεά
493 2314 547 2382 μιν
567 2292 754 2387 στρατηγὸν
774 2287 934 2388 Περσέων
961 2286 1205 2362 ἀποδεικνύναι.
1244 2272 1329 2356 “νύν
1348 2268 1424 2367 τε,”

287 2410 355 2507 ἔφη
376 2407 495 2506 λέγων,
521 2396 576 2479 “ὦ
596 2405 733 2509 Πέρσαι,
760 2410 981 2509 προαγορεύω
1007 2409 1083 2504 ὑμῖν
1106 2411 1260 2507 παρεῖναι
1284 2404 1428 2479 ἕκαστον

289 2529 411 2627 ἔχοντα
429 2520 632 2628 δρέπανον.”
680 2524 793 2628 Κύρος
811 2527 873 2623 μὲν
892 2535 996 2601 ταῦτα
1013 2530 1256 2627 προηγόρευσε.
1297 2523 1372 2598 ἔστι
1391 2519 1429 2593 δὲ

290 2646 449 2749 Περσέων
469 2644 577 2747 συχνά
593 2648 702 2745 γένεα,
732 2651 786 2721 καὶ
812 2646 853 2719 τά
878 2646 937 2743 ρὲν
962 2648 1073 2721 αὐτῶν
1098 2643 1249 2744 δΚύρος
1271 2642 1428 2715 συνάλισε

289 2772 344 2842 καί
369 2766 524 2841 ἀνέπεισε
549 2765 753 2841 ἀπίστασθαι
777 2765 845 2841 ἀπὸ
864 2764 1016 2868 Μήδων·
1046 2765 1119 2839 ἔστι
1148 2763 1296 2847 δὲτάδε,
1324 2762 1427 2845 §ww
1447 2770 1478 2820 ²⁰

290 2888 393 2961 ὧλλοι
418 2887 539 2968 πάντες
564 2885 721 2987 ἀρτέαται
740 2887 879 2988 Πέρσαι,
910 2885 1131 2988 Πασαργάδαι
1149 2880 1326 2985 Μαράφιοι
1345 2878 1427 2954 Μά-

291 3034 391 3082 σπιοι.
429 3008 558 3080 τούτων
577 3006 800 3107 Πασαργάδαι
818 3008 881 3081 είσὶ
899 3005 1038 3106 άριστοι,
1066 3006 1100 3078 έν
1124 3010 1210 3078 τοῖσι
1233 3006 1287 3077 καὶ
1300 2994 1427 3101 Ἀχαι-

445 3262 494 3316 τίνι
505 3262 591 3335 τράπιρ
604 3258 703 3335 Πέρσας
715 3258 802 3334 Κύρος
814 3261 941 3334 ἀπέστησε
952 3257 1052 3331 Μήδων
1132 3260 1199 3313 πάσα
1209 3258 1271 3332 γένη
1283 3256 1388 3331 Περσῶν

397 3490 437 3541 14.
456 3487 556 3542 Pollux
569 3486 621 3542 vn
634 3488 693 3539 211.
713 3516 748 3525 -
764 3486 926 3543 Euanthius
939 3484 972 3538 ll.
989 3503 1017 3567 ρ.
1033 3486 1092 3566 179.
1110 3514 1146 3523 -
1163 3486 1205 3537 21.
1225 3482 1381 3554 Stephanus
1394 3482 1425 3535 B.

343 3576 370 3629 p.
388 3560 435 3609 127
454 3560 479 3610 9.
502 3557 550 3609 128
563 3560 588 3609 4.
613 3557 737 3623 (43515).
757 3587 792 3597 ·-
809 3558 852 3611 22.
871 3554 1033 3610 Euantmus
1044 3554 1127 3608 Dion.
1144 3555 1210 3606 1⁰69

346 3732 369 3783 1.
390 3726 566 3801 ἐκμαθηκέναι
579 3730 608 3782 R
637 3731 648 3794 ΙΙ
680 3730 705 3781 3.
724 3728 870 3795 ἀπέκτεινα]
884 3728 1021 3781 ἀπέστειλα
1037 3729 1067 3783 0¹
1091 3730 1103 3794 ΙΙ
1130 3726 1254 3781 σδνῦνύ
1277 3728 1289 3792 ss
1311 3724 1344 3794 ἢν
1358 3726 1386 3779 Ιί
1414 3724 1426 3789 θ

293 3799 379 3871 βούλει
392 3800 441 3852 Ra
462 3801 473 3865 ΙΙ
497 3800 523 3849 4.
544 3795 664 3852 πίθάσθαι
677 3798 714 3862 R,
728 3795 888 3853 ιωθέσθαιά
914 3803 925 3865 u
958 3800 983 3850 6.
1003 3795 1141 3869 άποδεχθύ
1153 3795 1267 3861 ΑΒΟΡ,
1280 3792 1427 3866 άπυδιιχθάι

294 3906 354 3959 του
383 3906 395 3969 ι
425 3905 448 3955 ι.
469 3900 802 3973 απιααοιιπιαικα
824 3904 836 3969 ι
862 3900 957 3954 επακ
985 3903 997 3966 ιι
1025 3899 1227 3965 ammon
1250 3868 1383 3955 ινιιΔεα
1414 3901 1425 3965 ιι

216 3998 218 4001 ·
294 3976 335 4026 12.
361 3971 494 4026 ἀναπείσω
510 3972 576 4037 ΑΒ,
596 3971 772 4027 ἀναπεῖσαιθ
809 3973 821 4037 ΙΙ
863 3972 904 4024 13.
934 3968 962 4023 τύ
988 3986 1033 4023 σκε
1050 3970 1119 4025 Rdz.
1142 3967 1243 4038 εὕρισκέ
1258 3986 1286 4020 τε
1338 3969 1428 4025 haeret

293 4042 380 4097 εαυά.
396 4041 553 4111 Cantabrig.
597 4044 608 4107 ΙΙ
648 4042 813 4113 καιριώτατα]
832 4040 876 4093 καί
892 4058 951 4111 κυρι
988 4058 1037 4093 στα
1051 4040 1080 4093 R
1121 4042 1131 4105 ΙΙ
1171 4037 1264 4103 ίποίεε]
1284 4040 1329 4093 καί
1345 4040 1428 4093 ἐποίει

293 4110 419 4165 ὃσδιιαίει·
430 4110 551 4165 indidem
588 4112 600 4176 β
632 4116 712 4164 ταῦτα
723 4112 819 4166 ABG:
838 4109 899 4164 τάδε
933 4114 945 4176 ΙΙ
981 4111 1021 4161 14.
1041 4107 1177 4234 ἐχβιβλίον
1191 4108 1285 4174 PRdz,
1299 4110 1326 4163 ἐν
1338 4108 1428 4181 βιβλίιρ

293 4180 363 4235 Poll.
400 4184 412 4247 ΙΙ
450 4183 488 4233 15.
510 4180 605 4251 βιβλίον
619 4181 704 4235 ΡΒάιι
739 4184 749 4247 ΙΙ
787 4181 826 4231 16.
847 4180 1029 4251 άσωάγεάγιιν
1096 4177 1305 4248 ιάοτυάγεαρὲν
1340 4184 1352 4245 ΙΙ
1384 4184 1428 4232 νύν

295 4249 503 4323 ἔρητελέγωνσ
544 4253 555 4315 ΙΙ
599 4252 638 4302 19.
660 4248 742 4303 αὐτῶν
759 4251 791 4303 0:
807 4248 904 4303 αύτέων
945 4253 957 4315 ΙΙ
997 4250 1039 4302 21.
1059 4240 1146 4301 σθ’λλοι
1158 4249 1191 4314 Ρ,
1206 4247 1285 4302 ὧλλοι
1297 4248 1334 4314 R,
1354 4248 1428 4301 άλλοι

239 4324 240 4331 ’
294 4320 325 4371 de
360 4322 370 4385 ΙΙ
405 4321 495 4377 πάντες
508 4318 682 4391 ἀρτέαταιΑι
702 4319 793 4377 πάντες
806 4318 923 4389 ἀρτιάται
937 4318 963 4383 ά,
985 4318 1076 4377 πάντες
1088 4316 1221 4388 ἀρτεάται·
1238 4316 1298 4381 ΟΒ,
1320 4317 1427 4375 πάντες·

293 4386 412 4459 ἀρτεάται
425 4390 461 4451 Β,
475 4386 566 4445 πάντες
577 4387 704 4459 άρτεᾶται.
721 4386 753 4452 Ρ,
768 4387 868 4452 πάντες,
883 4382 1031 4459 Ἀρτεάται·
1045 4406 1066 4440 z.
1081 4380 1213 4456 Ἀρτεᾶται
1226 4385 1320 4457 steph.
1341 4388 1352 4452 ή
1373 4382 1427 4440 Με-

295 4491 406 4561 ράιριοικ
423 4493 434 4556 ΙΙ
451 4490 537 4558 μάσιοι
550 4490 610 4543 Βάκ
627 4491 639 4556 ΙΙ
657 4492 698 4541 2⁴2.
713 4490 811 4543 τούτων
822 4490 858 4544 0:
869 4490 980 4543 τουτέων
998 4495 1009 4555 ΙΙ
1026 4472 1202 4562 ἀχαιμαθνίδαι
1218 4491 1246 4553 0,
1260 4489 1388 4561 ἀχαινίδαι
1400 4490 1428 4543 R
