3175 5092
665 377 813 447 mertio.
1238 400 1309 444 nvn

169 576 274 646 gares
306 552 507 646 atticasque
538 549 672 624 formas
704 552 839 650 φύλακα
870 551 919 647 (A
946 555 1006 625 41.
1034 556 1094 626 44.
1129 552 1241 651 641)
1272 564 1310 626 et

170 677 325 774 φύλακας
348 675 392 774 (H
412 678 493 774 95),
526 681 681 752 rariores
706 703 794 752 sane
818 705 972 755 numero
998 707 1108 777 quam
1134 707 1228 777 quae
1252 708 1309 754 se·

170 809 330 880 eundam
344 805 625 881 declinationem
638 817 844 903 sequuntur
857 807 1018 904 (φύλακος
1033 795 1183 905 φυλάκου
1199 809 1307 906 ράλα-

170 960 227 1005 κον
247 932 425 1030 φυλάκους,
447 959 534 1006 nam
552 934 711 1031 φυλάκων
730 936 762 1007 Β
784 930 872 1008 1211
895 959 1030 1031 anceps
1054 937 1135 1032 est),
1161 963 1204 1010 eo
1228 937 1308 1032 ipso

169 1063 321 1134 nomine
340 1063 564 1134 damnandas
582 1087 670 1148 esse,
689 1087 765 1135 non
781 1065 898 1159 magis
918 1089 1040 1158 quam,
1060 1067 1158 1160 quod
1175 1066 1308 1158 etipse

167 1189 420 1284 relinquebat,
445 1188 706 1288 χρυσοφύλακας
728 1187 755 1260 Δ
777 1191 834 1262 13.
856 1192 916 1263 27.
963 1191 1087 1286 paullo
1110 1195 1157 1264 ab
1174 1193 1234 1264 his
1252 1194 1309 1266 di-

169 1341 275 1390 versa
291 1327 347 1390 est
363 1318 457 1389 ratio
475 1318 668 1388 nominum
692 1320 923 1410 quorundam
945 1320 1190 1407 Persicorum,
1213 1344 1309 1415 quae

168 1443 341 1518 similiter
366 1445 463 1518 inter
488 1469 526 1518 se
551 1447 721 1518 cadentes
752 1469 828 1517 non
853 1455 976 1519 tamen
1000 1449 1171 1521 similiter
1196 1447 1308 1521 deeli-

169 1583 317 1645 nantur.
369 1596 455 1643 nam
484 1596 578 1666 quae
604 1582 742 1646 exeunt
771 1574 812 1646 in
836 1599 966 1672 ασττης,
1000 1576 1135 1670 partim
1166 1579 1307 1671 primae

169 1700 409 1774 declinationi
427 1701 640 1786 adhaerent,
668 1695 879 1798 Κρανάσπης
898 1698 1104 1802 Φαρνάσιης
1121 1701 1305 1800 Χοάσπηςε

169 1830 306 1922 partim
338 1829 487 1914 tertiae,
520 1825 731 1925 Πρηξάσπης
763 1827 876 1923 (quod
900 1829 1001 1902 enim
1030 1828 1058 1901 Γ
1084 1831 1143 1902 74.
1172 1833 1231 1903 75.
1259 1833 1306 1903 78

167 1956 360 2052 legebatur
386 1952 600 2053 Πρηξάσπεα)
626 1979 726 2028 nune
751 1966 854 2051 patet
876 1956 987 2050 plane
1011 1959 1198 2031 novicium
1216 1959 1306 2054 esse)

168 2083 354 2181 Σατάσπης
382 2069 598 2179 Ὑστάσπης,
643 2107 666 2154 a
697 2084 831 2176 quibus
862 2109 978 2180 prope
1016 2085 1128 2158 distat
1157 2053 1308 2185 Σεΐσττης

168 2209 331 2290 Τεΐσπεος
362 2207 394 2281 Η
424 2212 480 2282 11.
539 2209 629 2282 item
661 2211 870 2305 discrepant
899 2207 1118 2311 Μιτραδάτην
1149 2217 1186 2286 Α
1222 2216 1306 2301 121,

57 2313 60 2322 ’
168 2335 403 2436 Φαρανδάτεος
420 2333 433 2407 l
455 2339 513 2410 76.
560 2360 685 2409 eorum
703 2363 750 2410 ex
768 2361 923 2411 numero
942 2341 1007 2433 qui
1024 2339 1177 2436 syllabis
1202 2366 1307 2439 τανης

169 2466 415 2560 terminantur
440 2453 587 2562 Ὀτάνης
624 2465 725 2537 haud
759 2467 917 2540 dubium
954 2476 1010 2541 est
1039 2476 1094 2541 tot
1124 2468 1306 2564 exemplis

169 2593 214 2689 (v.
235 2594 391 2666 Bredov.
411 2617 447 2686 p.
469 2589 556 2687 229)
577 2594 668 2687 quin
686 2594 912 2667 declinatum
929 2593 980 2667 sit
999 2583 1152 2667 Ὀτάνεω
1175 2583 1303 2694 ’Ὀτάνη

163 2709 309 2793 Ὀτάνεα
340 2719 430 2815 (sive
450 2707 597 2817 Ὀτάνην
628 2719 655 2792 Γ
675 2721 735 2817 76)
757 2708 900 2820 Ὀτάνη,
938 2721 1001 2817 qui
1026 2732 1150 2797 autem
1173 2726 1215 2796 in
1232 2727 1306 2796 Ar-

168 2849 324 2944 chetypo
348 2845 451 2920 fuere
476 2847 633 2952 genitivi
653 2841 812 2930 Ὀτάνεος
836 2874 991 2924 numero
1014 2874 1080 2923 sex
1104 2850 1144 2944 (Γ
1163 2854 1221 2924 70.
1244 2854 1303 2924 71.

169 2978 228 3049 84.
250 2977 311 3049 88.
336 2976 419 3047 144.
441 2972 472 3046 Η
493 2974 566 3069 82),
586 2975 728 3069 primus
746 3002 769 3048 a
789 2977 832 3064 O,
850 2977 987 3073 reliqui
1006 3004 1029 3050 a
1043 2979 1082 3052 P
1095 2982 1209 3074 probe
1227 3005 1306 3052 oor-

168 3105 258 3178 reeti
277 3113 374 3176 sunt.
413 3127 481 3176 nee
503 3103 635 3198 magis,
662 3112 705 3176 ut
722 3104 792 3177 hoe
810 3105 986 3194 inseram,
1012 3103 1205 3181 ferendum
1229 3119 1306 3182 erat

168 3229 349 3311 Σιτάλκους
373 3227 400 3300 Δ
419 3231 467 3302 80
493 3231 600 3302 iuxta
617 3228 763 3329 Σιτάλκη
790 3234 831 3304 in
858 3237 986 3308 eodem
1010 3257 1124 3330 prope
1141 3260 1250 3309 versu
1266 3248 1307 3311 et

169 3358 341 3430 Σιτάλκεω
380 3355 413 3429 Η
448 3357 531 3430 137.
595 3383 679 3432 cum
712 3348 861 3459 ’Ὀτάνης
898 3361 1103 3458 copulanda
1131 3349 1305 3462 Ἀρτάνης

165 3477 338 3584 Ἀρτάνεω
358 3483 391 3558 Η
409 3487 495 3572 224,
514 3487 782 3582 seiungendum
801 3499 925 3563 autem
936 3483 1108 3589 Ὑστάνης
1119 3483 1305 3571 Ὑστάνεος

172 3611 200 3686 Η
222 3617 281 3686 77.
327 3615 368 3686 in
386 3639 474 3712 αρης
490 3615 687 3688 terminata
704 3604 947 3717 Ἀρτεμβάρης
964 3612 1134 3716 Μαζάρης
1153 3615 1304 3719 Οἰβάρης

170 3741 351 3841 Παντάρης
383 3742 547 3824 tertiam,
580 3751 619 3814 at
643 3739 828 3842 Βουβάρης
854 3740 1036 3842 Κυαξάρης
1059 3745 1218 3839 primam
1248 3769 1304 3818 se-

169 3880 332 3965 quuntur
356 3867 655 3944 declinationem:
692 3873 790 3965 quod
814 3872 914 3944 enim
938 3875 975 3944 A
996 3873 1055 3946 73.
1077 3873 1124 3944 74
1150 3873 1216 3946 diu
1238 3877 1303 3948 ob-

168 3998 282 4070 tinuit
301 3993 471 4095 Κυαξάριι
488 3995 547 4070 vel
566 3993 742 4096 Κυαξάρεϊ,
771 4001 909 4072 dudum
934 4025 957 4072 a
973 4001 1024 4073 B²
1040 3997 1217 4073 resectum
1235 4009 1300 4072 est.

168 4119 363 4222 Μασκάμην
382 4124 439 4195 bis
457 4121 562 4196 estH
585 4125 667 4198 105.
693 4126 784 4214 106,
806 4115 1002 4225 Ἀρσάμεος
1025 4131 1061 4200 Α
1080 4129 1166 4200 209.
1187 4124 1220 4198 H
1243 4129 1302 4214 11,

167 4254 262 4326 unde
280 4249 390 4326 facile
407 4254 580 4325 statuitur
601 4261 686 4326 utra
710 4253 759 4328 sit
782 4251 893 4328 lectio
916 4255 1036 4349 potior
1053 4251 1086 4326 H
1105 4256 1192 4328 224.
1237 4281 1301 4329 no

167 4381 309 4453 minum
327 4379 369 4452 in
387 4384 417 4450 ά
434 4381 662 4454 accusativus
681 4390 761 4454 tum
778 4383 925 4477 proprie
947 4384 988 4454 in
1006 4386 1064 4454 οῦν
1084 4385 1302 4457 terminatur

167 4501 328 4603 (Βουτοῦν
354 4507 387 4588 Β
408 4509 466 4582 59.
488 4508 548 4581 63.
569 4511 629 4584 67.
653 4511 711 4583 75.
736 4510 829 4596 152,
856 4495 947 4580 Ἰοῦν
972 4513 1010 4583 Α
1030 4511 1062 4582 1.
1083 4513 1126 4598 2,
1166 4508 1300 4609 Λητοῦν
