3175 5092
266 340 308 403 36
742 333 943 397 -A-

267 515 380 583 ναίων.
432 496 649 607 Ἱπποκράτεϊ
680 507 743 605 γὰρ
778 508 868 579 ἐόντι
903 507 1022 604 ίδιῶτη
1060 508 1116 578 καί
1150 504 1331 604 θεωρέοντι
1366 505 1408 579 τά

259 624 436 721 Ὀλύμπια
455 628 553 725 τέρας
571 625 704 723 ἐγένετο
724 626 828 722 μέγα·
852 627 1020 705 θύσαντος
1037 626 1101 723 γὰρ
1119 625 1224 697 αύτοῶ
1241 624 1283 697 τὰ
1301 627 1358 725 ίρά
1375 629 1408 698 οί

267 746 409 847 λέβητες
428 746 633 825 ἐπεστεῶτες
650 746 705 816 καὶ
724 750 829 843 κρεῶν
847 768 885 817 τε
902 746 1015 825 ἐόντες
1039 744 1184 839 ἔμπλεοι
1207 748 1262 815 καί
1285 744 1407 826 ύδατος

266 864 345 937 ἄνευ
359 867 463 962 πυρδς
477 864 595 946 ἔζεσαν
610 867 665 936 καί
681 863 902 964 ὑπερέβαλον.
930 861 1044 935 Χίλων
1061 862 1099 933 δὲ
1112 864 1131 933 δ
1142 862 1407 956 Λακεδαιμόνιος

265 987 468 1081 παρατυχὼν
488 984 544 1055 καὶ
560 982 775 1080 θεησάμενος
792 985 831 1053 τδ
849 984 950 1081 τέρας
963 969 1407 1082 συνιβούλευεἹπποκράτεῖ
1442 1002 1460 1051 5

265 1110 384 1200 πρῶτα
404 1100 462 1195 μὲν
480 1104 619 1198 γυναῖκα
638 1104 686 1198 μῆ
707 1100 849 1197 ἄγεσθαι
865 1104 1058 1172 τεκνοποιόν
1077 1101 1113 1180 ές
1128 1098 1170 1171 τὰ
1188 1102 1292 1180 οἰκία,
1319 1104 1349 1173 εί
1367 1101 1406 1173 δί

264 1219 420 1316 τυγχάνει
439 1218 539 1316 ἔχων,
566 1222 705 1317 δεύτερα
722 1223 784 1317 τῆν
804 1221 942 1316 γυναῖκα
961 1219 1156 1313 ἐκπέμπειν,
1187 1222 1242 1289 καί
1258 1221 1291 1290 εί
1306 1224 1357 1300 τίς
1373 1222 1406 1291 οί

266 1336 422 1435 τυγχάνει
441 1338 506 1409 ἐῶν
525 1340 614 1421 παῖς,
634 1344 751 1411 τοῦτον
772 1334 992 1411 ἀπείπασθαι.
1029 1338 1138 1411 σύκων
1158 1342 1263 1409 ταῦτα
1279 1364 1404 1437 παραι·

265 1458 421 1536 νέσαντος
432 1454 586 1537 Χίλωνος
603 1454 782 1528 πείθεσθαι
799 1456 910 1529 θέλειν
924 1444 1230 1553 τδνἹπποκράτεα·
1249 1457 1405 1552 γενέσθαι
1585 1537 1586 1560 γ

265 1577 297 1645 οί
323 1575 406 1669 μετά
433 1580 537 1646 ταῦτα
563 1574 618 1644 τδν
647 1572 886 1672 Πεισίστρατον
912 1580 1049 1654 τούτου,
1084 1576 1122 1654 δς
1152 1576 1402 1657 στασιαζόντων
1424 1596 1458 1647 ευ
1585 1575 1586 1590 ’

264 1700 333 1765 τῶν
351 1693 513 1792 παράλων
533 1696 587 1765 καί
604 1701 671 1765 τῶν
691 1694 727 1767 ἐκ
743 1699 802 1764 τού
821 1694 938 1765 πεδίου
951 1683 1161 1790 Ἀθηναίων,
1184 1696 1323 1765 καὶτῶν
1342 1693 1403 1787 μέν

265 1819 499 1909 προεστεῶτος
518 1807 716 1909 Μεγακλέος
739 1816 800 1883 τού
814 1801 1035 1905 Ἀλκμέωνος
1055 1820 1123 1882 τῶν
1150 1809 1190 1883 δί
1209 1812 1247 1883 έκ
1262 1818 1322 1883 τού
1340 1838 1404 1883 πε-

265 1934 339 2002 δίου
357 1928 552 2027 Λυκούργου
565 1921 845 2029 Ἀριστολαΐδεω,
870 1936 1130 2029 καταφρονήσας
1146 1932 1208 2027 τῆν
1225 1930 1405 2030 τυραννίδα

265 2052 381 2148 ῆγειρε
398 2054 514 2147 τρίτην
533 2050 660 2131 στάσιν,
692 2048 857 2129 συλλέξας
881 2046 919 2119 δὲ
945 2053 1134 2130 στασιώτας
1160 2052 1286 2145 καὶτῷ
1311 2050 1405 2146 λόγῳ

265 2175 333 2238 τῶν
361 2166 571 2267 ὑπερακρίων
600 2166 749 2267 προστὰς
783 2171 977 2265 μηχανᾶται
1010 2165 1136 2241 τοιάδε.
1188 2174 1405 2266 τρωματίσας
1426 2189 1458 2238 τε

265 2287 391 2357 ἑωυτόν
411 2288 522 2357 τεκαὶ
546 2288 707 2385 ἡμιόνους
728 2286 838 2384 ἤλασε
865 2286 900 2367 ές
923 2290 985 2384 τῆν
1012 2283 1139 2385 ἀγορὴν
1163 2290 1200 2359 τδ
1219 2290 1339 2384 ζεῦγος
1355 2291 1405 2368 ῶς

265 2406 481 2501 ἐκπεφευγὼς
499 2408 577 2486 τοὺς
596 2406 750 2504 ἐχθρούς,
778 2403 815 2476 οί
837 2432 892 2498 μιν
919 2406 1102 2477 ἐλαύνοντα
1127 2405 1162 2486 ές
1185 2402 1288 2503 ἀγρδν
1315 2405 1404 2503 ῆθέ·

265 2524 375 2621 ληααν
402 2520 567 2597 ἀπολέσαι
593 2524 706 2625 δῆθεν,
734 2524 847 2596 ἐδέετό
873 2550 910 2595 τε
932 2530 990 2595 τοῶ
1013 2524 1124 2622 δῆμου
1147 2524 1298 2623 φυλακῆς
1315 2550 1404 2605 τινος

265 2644 349 2740 πρδς
366 2642 468 2713 αὐτού
487 2652 636 2743 κυρῆσαι,
657 2645 819 2743 πρότερον
840 2642 1068 2741 εύδοκιμῆσας
1083 2642 1117 2715 έν
1132 2646 1177 2741 τῆ
1189 2646 1274 2741 πρδς
1285 2638 1404 2739 Μεγα-

267 2761 347 2857 ρέας
364 2760 529 2859 γενομένη
557 2766 760 2861 στρατηγίη,
790 2760 935 2834 Νίσαιάν
963 2788 1000 2833 τε
1025 2762 1111 2833 ἑλῶν
1137 2765 1194 2833 καὶ
1211 2761 1297 2833 ἄλλα
1316 2760 1403 2834 ἀπο·
1422 2782 1458 2833 τε

267 2878 445 2971 δεξάμενος
466 2881 596 2977 μεγάλα
616 2879 709 2979 ἔργα.
756 2879 831 2952 δδὲ
847 2882 992 2982 δῆμοςδ
1011 2888 1078 2951 τῶν
1100 2869 1298 2978 Ἀθηναίων
1325 2880 1403 2960 ἐξα·
1470 2975 1476 2985 .

265 2996 430 3095 πατηθείς
449 2998 556 3071 ἔδωκέ
575 3002 606 3069 υί
624 3007 691 3069 τῶν
712 2997 823 3071 ἀστῶν
847 3000 1031 3080 καταλέξας
1057 2998 1182 3097 ἄνδρας
1206 3003 1345 3080 τούτους
1370 2999 1403 3071 οἳ

267 3116 446 3215 δορυφόροι
473 3115 531 3209 μέν
552 3118 612 3188 οὐκ
630 3117 784 3214 ἐγένοντο
804 3116 1062 3217 Πεισιστράτου.
1092 3122 1316 3217 κορυνηφόροι
1344 3118 1400 3191 δέ·

266 3234 373 3314 ξύλων
401 3233 463 3333 γάρ
492 3237 632 3334 κορύνας
660 3236 795 3333 ἔχοντες
819 3236 952 3309 είποντό
980 3239 1011 3308 οί
1038 3236 1169 3309 ὄπισθε.
1214 3262 1401 3309 συνεπανα-

266 3352 401 3433 στάντες
418 3352 455 3424 δέ
473 3353 564 3426 οὗτοι
578 3352 649 3449 ἀμα
664 3352 895 3453 Πεισιστράτῳ
910 3355 1011 3452 έσχον
1025 3358 1087 3453 τῆν
1105 3353 1294 3454 ἀκρόπολιν.
1319 3354 1403 3428 ἔνθα
1422 3376 1456 3427 τυ

267 3472 309 3568 δῆ
329 3471 346 3541 ά
366 3469 604 3572 Πεισίστρατος
622 3476 709 3571 ῆρχε
724 3463 939 3572 Ἀθηναίων,
969 3473 1047 3545 ούτε
1071 3474 1170 3567 τιμὰς
1197 3472 1256 3554 τὰς
1282 3475 1403 3555 έούσσς

266 3589 470 3688 συνταράξας
489 3590 567 3663 οὔτε
585 3590 710 3685 θέσμια
731 3592 951 3685 μεταλλάξας,
968 3592 1024 3665 έπί
1041 3619 1078 3665 τε
1095 3597 1180 3666 τοῖσι
1199 3600 1403 3666 κατεστεῶσι

370 3912 381 3961 1
395 3926 453 3981 sqq.
471 3910 609 3982 Diogenes
620 3910 651 3966 L.
664 3912 721 3965 108.
734 3940 768 3952 —-
777 3912 868 3966 Lexic.
883 3913 985 3967 rhetor.
996 3928 1025 3983 p.
1034 3914 1085 3966 070
1095 3910 1182 3967 Dobr.
1195 3942 1227 3953 -—
1240 3916 1265 3967 8.
1280 3912 1403 3967 Bekkeri

316 3978 422 4033 Anecd.
437 3999 462 4051 p.
473 3982 514 4033 80.
530 4010 564 4021 -
580 3982 621 4035 13.
635 3982 831 4052 καταφρονήσας
842 4010 857 4023 -
871 3982 1168 4037 nordmanniam
1178 3982 1279 4037 XVIII
1291 3984 1342 4035 228

318 4186 342 4235 1.
363 4184 443 4239 ίπποκ
475 4190 568 4241 τειΑσ
596 4190 606 4251 ιΙ
637 4186 817 4258 κόραισι
839 4186 1227 4259 ότικνοποιδνμῆιίγεσθσιε
1256 4192 1267 4254 ΙΙ
1298 4191 1321 4240 7.
1341 4206 1402 4260 τυγ-

263 4252 367 4323 χάκυιό
387 4257 399 4319 ΙΙ
423 4256 434 4307 1
457 4297 463 4308 .
483 4257 701 4327 προεστῶτυςόιίι
724 4258 735 4321 ΙΙ
758 4256 963 4327 μῑῖακλέυυςόιί
981 4259 994 4323 ΙΙ
1013 4255 1238 4325 ἀλκμαίωκυςύάτ
1257 4260 1269 4324 fl
1291 4260 1333 4309 13.
1346 4255 1403 4312 Λυ-

263 4320 383 4393 κούργυυ]
397 4322 548 4395 Λυκούργου
559 4330 605 4377 τοῦ
618 4324 747 4379 θυὴεείετ
778 4327 789 4389 ΙΙ
824 4326 864 4376 14.
881 4329 1061 4396 προσώτατα
1091 4328 1103 4390 ΙΙ
1138 4326 1179 4379 ²2.
1199 4326 1315 4391 τούτους]
1328 4344 1403 4397 τριη-

264 4391 473 4513 κοσέφινςλίελνεε
484 4392 734 4463 ριυρόεεΡυλγεεο.
750 4393 850 4457 121,3
877 4396 889 4458 ΙΙ
919 4392 1222 4449 24.ότισθεοιάπισθτν
1250 4398 1263 4459 ΙΙ
1292 4395 1404 4449 Ima(

264 4474 292 4509 τε
