3175 5092
265 337 300 380 vr
761 313 907 370 Praefatio.

264 501 446 586 tunasque
470 491 581 562 homo
607 489 747 564 scilicet
771 490 1029 585 grammaticus
1053 490 1209 576 saeculi,
1242 491 1283 562 ni
1306 488 1404 563 fallit

266 620 467 713 scripturae
491 618 652 707 novitas,
679 618 802 713 quinti
823 619 969 690 decimi.
1013 643 1128 690 manu
1151 619 1241 691 item
1263 621 1402 692 recenti

266 748 400 820 adiecti
432 746 607 842 leguntur
636 744 718 819 folii
742 748 790 819 26
816 771 845 818 r.
871 747 1033 841 margini
1057 745 1228 819 versiculi
1258 746 1401 841 politici

267 875 576 970 quattuordecim,
601 877 647 946 ad
671 877 708 947 A
728 875 776 948 94
802 876 1044 970 pertinentes,
1069 876 1303 970 ineptissimi.
1365 883 1430 975 at

265 1004 403 1077 eisdem
428 1004 563 1095 quibus
586 1004 771 1097 scriptoris
797 1004 912 1076 oratio
936 1003 1106 1075 manibus
1139 1014 1177 1076 et
1206 1005 1404 1076 summaria

266 1133 531 1228 propemodum
565 1140 746 1226 perpetua
782 1141 820 1203 et
857 1131 998 1203 scholia
1032 1132 1253 1226 paucissima
1287 1157 1403 1226 eaque

265 1260 458 1355 perbrevia
475 1261 515 1331 in
532 1260 760 1355 marginibus
778 1269 865 1332 sunt
878 1260 1069 1355 adscripta.
1097 1262 1267 1333 tractavit
1280 1269 1403 1333 autem

266 1389 366 1461 hunc
390 1388 531 1483 primus
556 1389 681 1460 dedita
705 1411 816 1483 opera
839 1385 994 1460 Iacobus
1013 1387 1223 1462 Gronovius
1249 1389 1403 1462 iuvenili

267 1518 463 1589 admodum
481 1525 600 1589 aetate
624 1540 656 1586 a.
677 1517 786 1604 1675,
809 1517 990 1609 expressit
1007 1515 1067 1588 vel
1083 1525 1181 1589 certe
1199 1517 1404 1611 exprimere

266 1646 339 1718 sibi
357 1645 456 1718 visus
482 1652 538 1718 est
559 1645 657 1718 idem
682 1667 797 1718 senex
822 1645 1065 1739 quadraginta
1088 1646 1196 1718 annis
1220 1655 1304 1740 post
1327 1647 1405 1718 edi-

266 1775 367 1847 tione
393 1798 425 1846 a.
450 1775 547 1848 1715
572 1771 757 1846 absoluta:
792 1797 904 1867 quam
927 1782 1125 1869 utrumque
1141 1797 1217 1846 non
1234 1773 1343 1869 plene
1367 1784 1407 1847 et

266 1902 423 1976 fideliter
440 1911 552 1996 atque
564 1903 715 1974 omnino
733 1925 864 1996 parum
881 1901 993 1997 digne
1011 1903 1207 1976 immodica
1223 1903 1282 1976 sui
1300 1927 1406 1976 suae-

267 2056 340 2127 que
376 2055 506 2126 operae
542 2031 754 2118 iactatione,
789 2029 918 2104 multis
953 2054 1054 2102 nunc
1083 2029 1321 2104 manifestum
1351 2041 1408 2105 est

266 2159 366 2232 locis.
413 2140 534 2246 velut,
570 2167 613 2234 ut
642 2159 785 2254 aliquot
818 2184 840 2232 e
873 2182 1009 2254 magno
1044 2183 1196 2231 numero
1230 2184 1404 2253 promam,

267 2290 305 2362 A
326 2289 393 2361 171
422 2283 521 2359 Μίνω
545 2312 590 2361 τι
618 2291 778 2386 κατήκοοι
807 2311 886 2358 esse
910 2288 953 2359 in
976 2287 1100 2360 codiee
1124 2295 1295 2374 esaum
1321 2313 1404 2360 cum

267 2418 364 2489 absit
381 2413 511 2489 vocula
526 2441 573 2488 re.
624 2417 695 2487 172
716 2411 907 2486 Καυκώνιον
924 2417 982 2487 bis
1008 2423 1046 2488 et
1065 2411 1292 2501 Καυκωνικόν,
1319 2442 1405 2489 cum

268 2547 316 2617 sit
340 2554 378 2617 et
403 2540 547 2615 Καύνιοι
578 2552 616 2617 et
648 2539 812 2615 Καυνικόν
847 2543 958 2616 sicuti
987 2545 1029 2616 in
1060 2547 1190 2616 ceteris
1220 2546 1402 2618 omnibus.

268 2671 296 2746 Δ
314 2673 384 2746 113
403 2671 439 2752 ἐς
456 2674 518 2769 τὴν
538 2669 717 2770 ὑστεραίην
737 2669 863 2767 ἐλθεῖν]
883 2658 941 2745 ‘in
953 2671 1034 2744 Ms.
1053 2674 1255 2769 nuspiam
1272 2673 1407 2770 legitur

268 2799 448 2897 particula
471 2793 539 2886 id,
569 2807 672 2872 extat
696 2807 820 2874 autem
844 2824 958 2896 supra
982 2825 1139 2874 versum.
1192 2827 1261 2874 nec
1290 2803 1407 2898 magis

268 2955 354 3006 vera
378 2932 415 3002 A
437 2929 508 3002 192
535 2923 792 3027 Τριτανταίγμῃ,
821 2930 895 3003 2115
921 2933 1092 3028 otpertus,
1121 2931 1153 3002 Β
1179 2931 1226 3004 32
1255 2929 1407 3010 ἅπαντας

268 3057 362 3141 εἶναι,
391 3059 439 3132 42
459 3056 533 3130 ὅσοι
550 3055 607 3154 δὴ,
634 3053 661 3126 Γ
680 3058 728 3130 26
748 3055 785 3128 ἐκ
802 3065 871 3128 τῶν
889 3054 1023 3157 Θηβῶν,
1052 3059 1125 3131 139
1144 3056 1328 3150 ἐπιθυμέω
1343 3064 1407 3157 τῆς

267 3186 435 3284 χλανίδος,
467 3185 537 3260 153
557 3179 760 3286 Μεγαβύζου
784 3188 846 3257 τοῦ
867 3185 921 3267 ὃς,
949 3185 990 3257 Η
1018 3186 1089 3258 1119
1114 3181 1403 3282 ἀπνὲηρασμὲνον.

269 3337 491 3409 quamquam
515 3311 625 3409 longe
653 3311 832 3407 plurimos
856 3337 992 3386 errores
1023 3319 1062 3385 et
1085 3312 1158 3385 sibi
1181 3321 1220 3385 et
1249 3312 1314 3398 eis,
1340 3313 1407 3405 qui

270 3452 398 3540 postea
414 3443 516 3516 huno
533 3442 745 3536 scriptorem
763 3442 922 3528 edidere,
939 3465 985 3513 eo
1001 3442 1148 3535 peperit
1160 3443 1259 3536 quod
1272 3449 1407 3515 temere

267 3597 355 3648 suae
381 3571 521 3646 scilicet
543 3569 757 3666 diligentiae
777 3571 908 3656 fidem,
931 3570 1115 3665 quidquid
1135 3571 1176 3643 in
1207 3570 1408 3664 exemplari

269 3723 342 3795 quo
367 3703 539 3775 utebatur
555 3697 696 3772 Aldino
719 3696 779 3772 vel
801 3698 1053 3793 Stephaniano
1077 3724 1100 3772 a
1123 3699 1248 3772 codice
1273 3701 1408 3772 disere-

268 3856 357 3927 pare
381 3855 457 3904 non
481 3831 707 3915 adnotasset,
738 3828 791 3900 ita
819 3829 861 3902 in
889 3829 1013 3902 codice
1037 3828 1214 3923 scriptum
1237 3851 1317 3902 esse
1340 3852 1408 3922 pro

269 3969 368 4036 certo
385 3959 559 4045 habebat,
582 3957 643 4032 illi
661 3965 785 4030 autem
805 3981 936 4051 parum
954 3957 1054 4030 cauti
1071 3955 1220 4030 silentio
1241 3957 1321 4028 eius
1339 3981 1407 4051 pro
1541 4021 1552 4038 ,

269 4089 499 4174 testimonio,
538 4087 700 4162 editione
731 4109 797 4180 pro
828 4086 953 4158 mdioe
989 4086 1094 4158 abuti
1125 4093 1404 4158 consueverunt.

269 4243 338 4294 nec
351 4241 436 4291 vero
454 4217 584 4292 maiori
601 4217 674 4290 fide
692 4239 739 4288 ex
758 4214 896 4288 eisdem
914 4214 1136 4288 membranis
1150 4222 1276 4287 nostra
1287 4221 1408 4286 aetate

270 4351 315 4422 de
335 4345 424 4420 loeis
443 4345 661 4440 quibusdam
679 4344 847 4438 quamvis
864 4343 993 4437 paucis
1013 4349 1166 4414 testatus
1184 4350 1242 4414 est
1254 4339 1408 4414 Carolus

269 4475 420 4553 Abicht.
468 4475 568 4548 utin
585 4473 655 4548 hoc
672 4471 767 4545 libm
785 4479 824 4546 et
841 4479 1022 4546 vetustate
1044 4478 1083 4545 et
1099 4469 1280 4564 dignitate
1297 4467 1407 4563 plane
