3175 5092
269 379 381 424 xxVffl
763 355 908 410 Praefatio.

270 535 427 608 alicuius
445 533 606 606 hominis
624 531 799 604 consilio:
833 531 911 624 qui,
938 529 1137 624 amputatis
1161 551 1405 622 quaecunque

270 665 392 736 minus
418 663 622 736 necessaria
646 684 865 754 cursumque
890 659 1109 731 narrationis
1131 681 1234 729 mora
1248 652 1403 728 molesta

268 794 444 864 nimirum
486 792 668 864 retardare
704 790 914 862 viderentur
954 787 1002 882 (A
1039 790 1099 860 45.
1138 789 1301 862 46-52,
1341 793 1401 862 54.

271 922 432 995 56-68.
462 920 625 992 73--75
655 918 817 990 77-79.
845 918 905 990 92.
934 918 994 990 93.
1023 918 1083 989 94.
1111 919 1302 992 96-100.
1330 921 1401 992 193

270 1051 406 1122 -roa
444 1048 655 1121 131-133.
693 1046 904 1119 135--139
941 1047 1152 1118 tto-177.
1189 1048 1402 1140 181-183)

268 1187 333 1250 aut
357 1178 468 1250 etiam
494 1167 625 1272 parum
649 1177 855 1250 verecunda
878 1174 1156 1270 legentiumque
1180 1201 1300 1250 mores
1324 1202 1403 1248 cor-

266 1315 421 1401 ruptura
434 1306 482 1402 (A
501 1305 598 1402 199),
620 1305 868 1398 interruptum
885 1304 1041 1377 subinde
1062 1303 1169 1377 filum
1191 1306 1402 1379 intertextis

269 1436 394 1529 paucis
420 1435 539 1508 verbis
563 1457 711 1529 quoquo
735 1436 845 1506 modo
869 1433 993 1528 potuit
1015 1433 1217 1528 reparavit:
1250 1436 1341 1507 adeo
1359 1446 1403 1506 ut

266 1587 462 1658 puerorum
485 1587 571 1635 eum
595 1563 713 1658 magis
739 1563 939 1656 providisse
963 1563 1048 1633 usui
1074 1585 1185 1656 quam
1203 1564 1401 1658 quicquam

267 1692 369 1764 aliud
388 1701 569 1786 spectasse
588 1700 727 1786 putem.
774 1715 843 1764 nec
867 1692 905 1762 id
927 1691 1117 1786 negotium
1142 1691 1241 1764 ultra
1264 1690 1401 1765 librum

265 1825 301 1894 A
319 1822 520 1916 producere
544 1821 730 1893 sustinuit.
775 1822 846 1893 hoc
864 1843 950 1893 vero
967 1819 1122 1892 dubium
1140 1823 1335 1893 admodum
1354 1825 1401 1894 ab

265 1951 393 2023 eodem
411 1948 479 2023 illo
496 1951 561 2046 qui
578 1951 746 2036 correxit,
773 1971 884 2044 quem
901 1949 939 2020 R
956 1948 1116 2043 appello,
1142 1951 1254 2022 etiam
1273 1953 1401 2023 decur-

265 2080 444 2152 tationem
462 2088 629 2173 coeptam
647 2103 694 2152 an
713 2080 759 2151 ab
778 2075 852 2149 alio
872 2077 998 2172 aliquo
1019 2080 1218 2151 credamus.
1263 2089 1302 2152 et
1319 2106 1402 2152 mea

264 2210 338 2280 huc
355 2208 472 2303 magis
489 2206 644 2280 inclinat
662 2207 855 2279 sententia.
901 2205 968 2279 1111
985 2207 1085 2280 enim
1109 2216 1152 2279 ut
1177 2233 1266 2281 sane
1287 2211 1402 2280 habet

265 2363 307 2409 ac
324 2361 411 2432 prae
429 2361 467 2409 11
484 2333 556 2408 fert
572 2334 692 2408 multa
709 2335 750 2407 in
768 2333 919 2408 homine
940 2335 1068 2408 critico
1084 2338 1399 2430 reprehendenda,

265 2465 498 2538 immodicam
510 2465 705 2539 libidinem
720 2472 831 2559 atque
845 2474 986 2537 aestum
1001 2467 1185 2559 quendam
1197 2464 1399 2540 ferventem

265 2594 426 2668 novandi
458 2617 674 2688 semperque
709 2592 853 2688 aliquid
892 2603 1036 2687 praeter
1073 2597 1184 2667 fidem
1218 2597 1401 2668 membra-

264 2747 394 2795 narum
419 2722 607 2810 moliendi,
633 2745 781 2794 suouun
806 2723 1039 2795 inventorum
1065 2724 1254 2819 ingentem
1283 2726 1401 2797 admi-

263 2853 455 2939 rationem,
474 2851 666 2924 vetustatis
685 2861 809 2924 autem
827 2851 1113 2940 irreverentiam,
1131 2877 1199 2925 nec
1216 2863 1341 2926 tamen
1357 2855 1398 2925 in

263 2982 345 3075 ipso
370 2981 539 3054 mutandi
566 3005 675 3075 opere
701 2979 789 3053 satis
814 2980 961 3052 consilii
993 2981 1311 3077 constantiaeque:
1345 2983 1400 3055 ita

262 3110 432 3182 acumine
457 3109 598 3205 ingenii
615 3109 727 3203 plane
745 3109 881 3182 eximio
905 3107 1159 3205 indefessaque
1183 3113 1319 3184 mentis
1340 3112 1400 3184 in-

264 3239 429 3312 tentione
461 3237 645 3334 permulta
669 3240 810 3334 primus
841 3247 907 3310 aut
931 3237 1030 3310 solus
1055 3240 1301 3334 inscriptura
1325 3249 1399 3312 tra-

262 3366 390 3440 laticia
414 3377 451 3440 et
477 3368 667 3461 perspexit
696 3365 845 3441 foedata
868 3375 1042 3461 corrupta
1064 3367 1186 3441 lacera
1209 3378 1247 3442 et
1270 3367 1399 3442 refecit

262 3506 399 3568 eventu
424 3497 525 3568 haud
548 3521 630 3568 raro
654 3493 766 3570 felici.
821 3498 890 3583 sic,
917 3505 959 3568 ut
983 3495 1126 3592 aliquot
1150 3499 1230 3570 eius
1253 3500 1398 3594 generis

262 3623 434 3718 exempla
457 3625 612 3721 carptim
638 3649 856 3721 proponam,
889 3619 918 3696 A
938 3627 961 3697 9
986 3649 1052 3720 pro
1075 3625 1232 3724 ἐσόψεται
1253 3628 1399 3722 scripsit

261 3777 300 3827 ca
339 3751 471 3850 ὄψεται,
519 3756 579 3828 cui
616 3755 727 3828 fidem
762 3754 890 3828 asserit
924 3754 1095 3852 Dionysii
1134 3756 1397 3845 testimonium,
1468 3781 1473 3792 ·

262 3883 310 3954 88
329 3881 456 3980 χρόνῳ]
473 3886 555 3981 χρη,
585 3885 655 3957 126
675 3891 736 3984 τῆς
753 3883 885 3981 χώρης]
910 3909 959 3964 τις
982 3891 1106 3983 χῶρος.
1151 3883 1184 3957 Β
1206 3887 1248 3958 11
1278 3885 1397 3958 πλοίου

260 4005 461 4110 ἀρξαμένου]
482 4010 588 4082 πλόου
606 4008 797 4110 ἀρξαμένῳ,
831 4012 877 4083 15
895 4011 1020 4108 αὐτῶν]
1039 4011 1163 4111 αὐτην,
1198 4015 1268 4086 124
1287 4013 1397 4110 ἄλλῳ]

260 4137 346 4235 λαῷ,
381 4140 453 4212 175
478 4137 743 4236 καταχθόμενον]
772 4141 827 4210 καὶ
851 4136 1053 4236 ἀχθόμενον.
1102 4139 1196 4214 Γ29
1215 4144 1282 4239 καὶ]
1301 4170 1393 4241 φασι,

260 4267 304 4338 31
326 4267 426 4362 τοῖσι]
444 4271 530 4339 τοῖσι
549 4263 712 4364 Πέρσησι,
735 4267 783 4338 54
803 4265 1033 4368 ὑπερέβησαν]
1050 4268 1233 4370 ἐπέβησαν,
1262 4275 1309 4346 59
1329 4272 1395 4345 θυ-

167 4417 170 4424 ·
259 4393 351 4493 ρέαν]
364 4381 520 4494 Ὕδρέαν,
542 4396 587 4468 61
610 4419 645 4466 τε
663 4394 765 4493 ἦσαν]
783 4397 911 4493 εἴησαν,
936 4395 1037 4470 Γ80.
1060 4397 1091 4470 Η
1107 4400 1154 4470 22
1170 4399 1275 4497 ἐντός]
1290 4401 1393 4485 ἐκτός,

258 4520 285 4594 Γ
300 4523 343 4596 91
364 4518 537 4621 Κυρήνης]
553 4524 607 4594 καὶ
621 4517 794 4620 Κυρήνης,
815 4525 885 4596 116
900 4523 997 4624 ὑπέρ]
1012 4525 1103 4610 ὑπὲκ,
1125 4530 1195 4600 117
1208 4532 1395 4630 πανταχοῦ]
