3175 5092
656 352 853 417 ..Γ-

187 526 302 621 Σάμον
328 534 395 600 τῶν
419 523 567 623 άγύντων
595 528 675 608 τοὺς
699 528 822 607 παῖδας
849 522 1052 626 Κορινθίων,
1081 528 1267 621 πυθόμενοι
1296 530 1328 599 οί

188 645 311 741 Σάμιοι
334 648 391 717 τδν
415 645 533 743 λύγον,
563 637 619 719 ἐπ’
648 644 714 719 οἶσι
740 643 877 743 ἀγοίατο
902 645 938 727 ἐς
955 645 1095 745 Σάρδις,
1122 653 1240 746 πρῶτα
1265 646 1326 741 μὲν

188 767 267 846 τοὺς
289 767 414 845 παῖδας
438 762 590 843 ἐδίδαξαν
618 767 692 864 ίροῦ
711 764 862 862 ἅψασθαι
882 756 1101 865 Ἀρτέμιδος·
1129 765 1213 859 μετὰ
1231 764 1269 838 δὲ
1287 764 1327 837 ού

188 884 421 985 περιορὲοντες
436 882 592 960 ἀπέλκειν
611 888 689 968 τοὺς
706 884 816 965 ίκὲτας
834 884 870 957 ἐκ
888 890 947 957 τού
967 886 1048 983 ἱροῦ,
1067 891 1179 959 σιτίων
1194 886 1232 959 δὲ
1250 887 1328 966 τοδς

155 1028 173 1076 τ
188 1004 312 1087 παῖδας
330 1004 494 1103 ἐργόντων
513 1000 713 1103 Κορινθίων,
733 1004 938 1104 ἐποιήσαντο
957 1006 988 1077 οί
1005 1004 1126 1099 Σάμωι
1144 1008 1256 1105 δρτίγν,
1282 1007 1325 1103 τῇ

190 1126 246 1197 καὶ
263 1128 320 1197 νύν
338 1122 389 1197 ἔτι
407 1122 575 1222 χρέωνται
594 1122 679 1197 κατὰ
698 1123 816 1198 ταύτά.
861 1128 977 1205 νυκτδς
994 1121 1057 1223 γάρ
1075 1124 1326 1222 ἐπιγενομένης,

191 1245 270 1318 δεον
289 1245 412 1343 χρόνον
431 1244 576 1318 ίκέτευον
592 1245 626 1317 οί
642 1244 769 1328 παύει,
798 1240 935 1315 ἵστασαν
953 1245 1078 1343 χοροὺς
1093 1242 1272 1345 παρθένων
1290 1268 1327 1317 τε

191 1366 245 1438 καί
262 1362 404 1462 ἠιθέων,
433 1361 582 1443 ἱστάντες
599 1361 638 1433 δὲ
655 1364 734 1444 τοὺς
751 1364 876 1463 χορούς
893 1360 1026 1462 τρωκτά
1041 1363 1200 1463 σησάμου
1217 1388 1253 1435 τε
1273 1364 1327 1433 καὶ

193 1481 329 1577 μέλιτος
352 1480 556 1581 ἐποιήσαντο
580 1485 683 1577 νόμον
710 1482 885 1583 φέρεσθαι,
908 1480 962 1555 ίνα
985 1480 1192 1581 ἁρπάζοντες
1210 1482 1241 1553 οί
1257 1488 1325 1553 τῶν

140 1629 174 1679 ιο
192 1596 409 1700 Κερκυραίων
425 1603 543 1684 παῖδες
561 1601 674 1701 ἔχοιεν
693 1606 835 1702 τροφήν.
872 1601 908 1683 ἐς
921 1607 1020 1678 τοῦτο
1036 1600 1074 1677 δὲ
1092 1603 1169 1675 τάδε
1188 1601 1323 1699 ἐγίνετο,

192 1720 229 1802 ἐς
245 1721 264 1790 δ
282 1722 315 1791 οἱ
333 1716 507 1821 Κορίνθιοι
529 1730 599 1795 τῶν
624 1724 754 1797 παίδων
772 1723 805 1795 οἱ
823 1719 967 1817 φύλακοι
987 1722 1120 1823 οἴχοντο
1141 1719 1326 1797 άπολιπύν-

190 1860 262 1923 τες·
296 1841 375 1920 τοδς
402 1838 440 1913 δὲ
462 1844 587 1924 παῖδας
611 1840 788 1940 ἀπήγαγον
813 1840 848 1922 ἐς
867 1838 1039 1939 Κέρκυραν
1066 1842 1097 1915 οί
1120 1838 1252 1933 Σάμιοι.
1298 1839 1380 1915 είίθ

193 1958 255 2053 μέν
284 1985 340 2034 νυν
364 1956 570 2061 Περιάνδρου
598 1960 865 2059 τελευτησαντος
896 1962 983 2031 τοῖσι
1012 1956 1218 2059 Κορινθίοισι
1245 1959 1328 2057 φίλα

191 2080 236 2177 ἧν
260 2081 345 2178 πρδς
371 2079 450 2161 τοὺς
475 2075 710 2179 Κερκυραίους,
740 2081 773 2151 οί
800 2079 837 2151 δὲ
864 2077 925 2154 οὐκ
949 2075 990 2151 ἂν
1019 2077 1244 2179 συνελάβοντο
1268 2084 1327 2151 τοῦ

142 2224 175 2275 ιτ
193 2199 439 2296 στρατεύματος
456 2203 516 2272 τού
533 2198 589 2272 ἐπὶ
606 2198 723 2293 Σάμον
748 2199 875 2296 ταύτης
893 2194 1013 2272 είνεκεν
1030 2205 1092 2299 της
1106 2198 1227 2297 αίτίης.
1271 2203 1327 2271 νῦν

193 2311 232 2389 δὲ
256 2316 323 2389 αίεὶ
347 2316 458 2392 ἐπείτε
483 2316 615 2393 ἔκτισαν
640 2321 702 2417 τὴν
729 2326 833 2419 νῆσον
859 2317 923 2391 εἰσὶ
948 2313 1127 2417 ἀλλήλοισι
1159 2315 1325 2415 διάφοροι,

193 2435 303 2517 ἐόντες
320 2435 473 2511 ἑωυτοῖσι
492 2495 501 2509 .
521 2495 529 2510 .
550 2496 558 2511 .
577 2441 704 2511 τούτων
721 2439 769 2509 ὧν
789 2435 914 2511 εἵνεκεν
933 2434 1223 2537 ἀπεμνησικάκεον
1240 2436 1328 2507 τοῖσι

193 2554 351 2651 Σαμίοισι
368 2556 399 2627 οί
418 2553 605 2655 Κορίνθιοι.

265 2664 467 2772 Ἀπάπτμπε
494 2674 533 2753 δὲ
561 2676 597 2757 ἐς
622 2675 745 2777 Σάρδις
776 2667 833 2754 ἐπ’
866 2676 993 2779 ἐκτομῇ
1020 2674 1225 2777 Περίανδρος
1258 2682 1327 2747 τῶν
1340 2694 1381 2755 50

141 2825 176 2877 ιη
193 2798 336 2895 πρώτων
362 2790 578 2895 Κερκυραίων
606 2795 762 2877 ἐπιλέξας
794 2797 873 2877 τοὺς
905 2797 1027 2878 παῖδας
1058 2797 1326 2898 τιμωρεύμενος·

192 2916 349 3014 πρότεροι
365 2915 429 3014 γάρ
447 2916 479 2987 οί
497 2911 701 3015 Κερκυραῖοι
718 2914 823 3017 ἧρξαν
846 2915 882 2997 ἐς
899 2916 1000 2991 αύτδν
1017 2924 1158 3017 πρῆγμα
1175 2913 1327 2990 ἀτάσθα-

194 3034 253 3107 λον
270 3037 480 3133 ποιήσαντες.
525 3034 638 3109 ἐπείτε
663 3034 727 3133 γάρ
750 3036 812 3132 τὴν
837 3034 964 3110 ἑωυτοῦ
989 3036 1127 3133 γυναῖκα
1151 3031 1327 3109 Μέλισσαν

195 3151 398 3251 Περιάνδρος
421 3150 603 3238 ἀπέκτεινε,
633 3155 812 3253 συμφορὴν
840 3154 974 3253 τοιήνδε
1002 3156 1034 3228 οί
1061 3152 1170 3254 άλλην
1202 3153 1326 3254 συνέβη

193 3274 278 3371 πρδς
295 3298 338 3371 τη
356 3277 512 3373 γεγονυίη
531 3271 700 3370 γενέσθαι.
746 3270 834 3373 ἦσάν
859 3272 890 3343 οί
913 3271 950 3348 ίκ
968 3266 1146 3371 Μελίσσης
1170 3272 1229 3343 δύο
1247 3274 1328 3345 παῖ-

348 3510 405 3586 περὶ
422 3506 577 3588 Περιάνδρου
593 3514 639 3565 τού
657 3506 802 3585 Κορινθίαν
819 3510 942 3583 τυράννου
959 3508 1004 3565 καί
1021 3516 1069 3581 τῆς
1082 3514 1128 3564 τοῦ
1140 3508 1230 3569 παιδδς
1242 3505 1328 3565 Λυκά-

298 3596 389 3652 φρονος
401 3580 463 3652 πρὸς
476 3580 551 3633 αύτδν
564 3579 687 3654 διαφορᾶς

299 3753 324 3803 7.
342 3749 446 3807 ἵστασαν
457 3782 473 3794 -
484 3754 501 3805 8
512 3752 610 3824 ὴιθίων
622 3752 742 3807 Lexicon
754 3752 872 3808 vindob.
887 3769 916 3825 p.
933 3755 978 3806 151

247 3892 273 3944 2.
294 3888 345 3945 οίσι
356 3890 472 3963 νάγοιντο
484 3892 522 3957 R,
536 3890 587 3945 οίαι
598 3890 704 3963 άγοίατο
715 3890 741 3944 οί
751 3892 841 3953 παῖδες
853 3912 867 3945 z
890 3896 902 3959 u
925 3891 1056 3964 σάρδειςιί
1076 3893 1088 3958 Ι
1111 3894 1138 3945 4.
1157 3890 1329 3964 περιορεόντες

195 3957 250 4013 Pae
273 3977 306 4013 πε
331 3959 449 4032 ορίοντας
473 3961 505 4026 ά,
530 3978 602 4032 περιο
712 3962 783 4026 AB,
808 3970 959 4034 περιρῶντετ
983 3962 1027 4024 It,
1052 3959 1232 4032 περιορίοιντεε
1254 3961 1279 4015 0
1319 3962 1330 4027 ΙΙ

196 4028 264 4081 &el
295 3978 481 4084 Κεωντῦνκο
497 4028 584 4083 ινθίιον
596 3970 759 4102 ww
769 4033 827 4086 AB
850 4032 861 4097 θ
885 4033 910 4083 6.
929 4030 1088 4103 χρέονταιΡ
1107 4032 1118 4095 ΙΙ
1142 4032 1167 4082 7.
1188 4029 1329 4083 ίκετείιυντο

196 4098 225 4152 R
255 4047 343 4165 Κτίθ.
363 4096 461 4150 δὲτάδε
509 4098 709 4165 emtam,
723 4098 777 4153 δίοι
793 4100 821 4164 0,
836 4098 995 4153 δὲτοῦτοάῖ
1023 4100 1035 4164 ΙΙ
1067 4098 1170 4168 ἐγίνετο]
1185 4096 1280 4169 ἐγίνετο
1292 4096 1329 4149 ἔτι

195 4166 331 4225 ίττσυτδν
344 4166 381 4233 R,
394 4165 520 4237 ίγίνετοε
547 4171 559 4234 ΙΙ
593 4168 633 4220 11.
653 4167 766 4223 ίσδΛΒ
794 4171 806 4233 ΙΙ
834 4169 933 4241 ὤχοντο
946 4169 983 4233 R,
997 4168 1022 4221 οί
1041 4184 1134 4221 οιντοα
1161 4171 1172 4233 ΙΙ
1204 4168 1243 4219 13.
1263 4170 1330 4218 τοῖσι

195 4230 353 4307 Κορινθίοισι
364 4242 429 4306 poet
438 4234 471 4304 ἦν
485 4236 513 4289 R
529 4240 559 4321 'u
594 4236 715 4307 ρίλιαΙί.
729 4236 841 4290 Bekker
881 4239 892 4302 ΙΙ
927 4239 974 4318 μί.
995 4234 1021 4289 οί
1061 4235 1108 4288 ούκ
1120 4234 1150 4288 ἂν
1162 4234 1329 4321 συνεβάλοντο

195 4304 324 4496 θγέείῗξ
336 4302 522 4429 θάέίέιιθν’
533 4322 557 4439 ’τι
573 4305 871 4438 ἐόῗιῖθοθθὲίίίῗῗ
883 4305 996 4439 θίθδ.
1015 4302 1330 4445 θιίίιῖἕίιθῖίίῖῗίέ

195 4440 228 4561 ²13
251 4444 313 4563 ετωθ.
331 4441 465 4565 ρρίρδιεγρὲ
495 4447 508 4508 ΙΙ
541 4445 583 4497 20.
603 4443 790 4549 τιμορεάμτγος
804 4444 832 4497 R
866 4447 878 4510 ΙΙ
913 4444 954 4495 ²1.
975 4442 1096 4565 ηρύττρον
1110 4443 1147 4506 R,
1162 4450 1256 4513 πρῶτοι
1320 4444 1329 4507 ΙΙ

231 4552 237 4562 .
297 4530 330 4581 ην
372 4529 386 4564 ο
488 4514 500 4577 ΙΙ
523 4513 565 4565 24.
585 4517 749 4584 γεγονοιηιΑ
762 4513 790 4566 Β
813 4515 825 4578 ΙΙ
849 4511 968 4584 μελίττης
