3175 5092
671 359 817 414 Praelatio.
1252 379 1312 424 m

178 541 312 611 iustam
352 537 600 610 recensionem
640 559 704 629 per
745 559 871 608 omnes
913 533 1154 630 aequabiliter
1192 546 1313 630 partes

178 668 284 763 dirigi
303 673 499 760 oporteret.
538 664 664 758 itaque
683 664 843 736 vidimus
862 663 927 758 qui
943 662 1184 737 Sanoroftiani
1202 666 1312 736 fidem

176 797 337 891 graviter
372 820 439 866 nec
477 793 660 866 immerito
698 801 900 877 accusaret,
940 793 1151 867 Mediceum
1189 803 1312 865 autem

179 925 237 1021 (A)
271 933 417 1019 praeter
446 932 582 995 ceteros
607 920 715 994 unice
745 919 988 1008 collaudaret,
1020 921 1119 994 idem
1149 931 1186 994 et
1214 921 1313 994 illius

177 1052 379 1148 permultas
403 1051 580 1124 lectiones
606 1074 740 1144 easque
764 1048 961 1122 manifesto
985 1049 1223 1145 interpolatas
1253 1075 1311 1126 se-

176 1207 284 1254 curus
308 1181 483 1254 retineret
508 1189 545 1252 et
570 1178 709 1272 opimas
735 1201 826 1272 quas
850 1178 886 1249 A
912 1177 1058 1251 offerret
1085 1180 1197 1273 dapes
1221 1180 1314 1252 mira

175 1313 335 1406 quadam
370 1308 582 1403 insipientia
617 1314 880 1400 aspernaretur.
955 1331 1055 1380 nunc
1086 1309 1234 1380 tandem
1269 1318 1313 1380 ut

174 1441 349 1513 tenebrae
373 1437 459 1510 illae
485 1437 768 1521 discuterentur,
797 1457 874 1506 non
897 1432 1052 1508 feliciori
1076 1434 1201 1530 aliquo
1226 1461 1313 1510 acu-

173 1569 272 1642 mine
291 1567 463 1640 effectum
481 1574 549 1652 est,
575 1589 703 1638 verum
722 1565 804 1657 ipsa
820 1560 985 1637 codicum
1003 1564 1134 1636 notitia
1150 1573 1188 1637 et
1206 1567 1312 1637 abso-
1408 1599 1412 1606 ·

171 1697 288 1770 lutius
315 1693 469 1768 collecta
493 1704 531 1766 et
564 1692 775 1787 diligentius
801 1689 1021 1765 examinata.
1085 1717 1158 1788 quo
1188 1703 1311 1766 autem

171 1827 281 1899 citius
295 1850 338 1896 ac
351 1821 463 1896 semel
477 1820 740 1918 perspiceretur
754 1821 872 1893 omnis
886 1809 931 1893 et'
937 1822 1163 1916 cognationis
1178 1831 1215 1896 et
1228 1847 1312 1917 pro

170 1953 380 2052 pagationis
404 1953 515 2036 ratic,
540 1951 612 2022 hoc
637 1949 754 2022 visum
780 1960 836 2023 est
860 1947 1114 2024 delineationis
1138 1951 1310 2026 adhibere

171 2083 379 2182 artificium.

273 2214 338 2284 Ab
372 2210 439 2282 illo
473 2207 586 2305 igitur
946 2205 983 2270 Ω

169 2341 297 2415 codice
316 2339 434 2436 prisco
453 2363 495 2410 ac
511 2337 586 2432 pri-
1124 2327 1127 2331 ¹

169 2471 298 2556 mario,
325 2493 435 2564 quem
460 2466 586 2540 arche-

168 2611 302 2696 typum
321 2605 585 2692 parentemque

167 2731 304 2802 horum
318 2726 483 2799 omnium
495 2721 585 2797 fuis-
840 2718 847 2736 '

166 2883 203 2931 se
232 2854 439 2930 necessario
470 2854 585 2926 oredi-
661 2831 780 2990 Λ

166 3009 249 3058 mus
279 2982 352 3080 (Ω),
390 2984 463 3054 duo
494 3007 585 3077 pau·
641 2990 675 3050 A
766 2973 793 3030 B

166 3115 274 3188 latim
291 3135 426 3208 genera
439 3107 529 3207 (ΧΨ)
544 3111 585 3184 in

168 3245 329 3317 diversas
390 3237 584 3314 diffluxere

167 3381 292 3466 partes
357 3367 584 3448 multimodis

167 3501 240 3573 iam
253 3500 353 3572 inter
363 3522 401 3572 se
412 3499 581 3592 disparia,

166 3631 219 3702 ita
243 3639 371 3702 tamen
396 3636 456 3713 ut,
490 3651 583 3722 quae

168 3757 325 3831 alterum
348 3765 471 3830 utrum
495 3756 585 3828 vitia

168 3889 360 3967 traxisset,
435 3882 583 3956 alterius

169 4041 238 4110 cpe
260 4011 370 4086 facile
389 3991 583 4108 corrigeres

170 4144 380 4238 vetustique
397 4141 497 4220 illius
524 4151 685 4248 exempli
709 4155 943 4250 integriorem
967 4155 1125 4250 speciem
1149 4156 1225 4232 fere
1249 4159 1307 4231 in-

169 4284 359 4346 staurares.
406 4285 516 4371 atque
535 4305 581 4353 ex
601 4281 715 4356 altero
733 4308 861 4356 eorum
880 4294 953 4357 tres
978 4283 1109 4357 deinde
1134 4289 1305 4362 subortae

169 4412 256 4476 sunt
275 4405 508 4500 propagines
535 4433 690 4503 quarum
709 4436 821 4484 unam
840 4412 888 4509 (χ)
907 4423 1184 4507 repraesentant
1205 4439 1306 4489 nunc

167 4531 251 4606 libri
277 4535 352 4608 duo
376 4535 541 4609 omnium
571 4539 634 4634 qui
663 4549 793 4612 extant
823 4541 1068 4638 antiquissimi
1095 4541 1211 4640 (AB):
1258 4569 1305 4617 ex
