3175 5092
666 235 861 300 ..Δ-

274 405 386 508 Μέχρι
407 409 467 504 μὲν
489 411 530 509 δὴ
549 419 616 481 τῶν
631 401 824 482 Ἀτλάντων
849 414 976 483 τούτων
1004 412 1077 509 έχω
1101 411 1143 485 τά
1161 411 1401 506 ούνόματαίδδ

197 539 263 600 τῶν
282 528 316 600 έν
334 531 377 628 τῇ
398 529 508 628 όφρύη
528 532 780 630 κατοικημένων
801 532 989 614 καταλέξαι,
1008 535 1044 602 τδ
1064 521 1096 602 δ’
1119 529 1186 604 άπδ
1204 535 1331 604 τούτων

197 647 317 721 οὐκέτι.
363 651 471 748 διηκει
496 637 528 721 δ’
561 649 607 720 ὧν
636 652 658 749 ἡ
685 649 795 749 ὀφρύη
827 649 927 750 μέχρι
947 637 1151 749 Ἡρακλέων
1178 653 1331 750 στηλέων

194 755 251 840 καὶ
268 771 306 840 τδ
326 768 392 850 ἔξω
411 769 568 841 τουτέων.
615 766 684 841 ἔστι
711 767 747 841 δὲ
770 769 852 850 άλός
876 797 912 842 τε
932 770 1097 865 μέταλλον
1118 772 1152 844 έν
1172 772 1259 871 αῦτη
1276 773 1333 844 διά

162 907 183 956 τ’
197 888 277 960 δέκα
301 888 458 987 ἡμερέων
488 888 567 960 όδοῦ
596 892 649 960 καὶ
675 887 848 988 ἄνθρωποι
875 889 1047 972 οἰκέοντες.
1108 890 1149 963 τὰ
1178 891 1216 964 δέ
1245 894 1332 964 οίκία

195 1010 344 1081 τούτοισι
361 1011 443 1081 πάσι
463 1007 500 1080 ἐκ
523 1016 589 1079 τῶν
616 1007 738 1080 ἁλίνων
765 1010 918 1109 χόνδρων
937 1011 1183 1105 οἰκοδομέαται.
1229 1020 1332 1085 ταῦτα

195 1129 258 1228 γάρ
285 1128 356 1228 ἤδη
386 1135 448 1228 τῆς
475 1127 606 1229 Λιβύης
635 1115 787 1229 άνομβρά
814 1129 903 1202 έστι·
938 1130 1068 1229 οὐγὰρ
1098 1128 1137 1202 ἂν
1165 1133 1331 1230 ἠδυνέατο

197 1248 305 1343 μένειν
331 1251 362 1320 οί
388 1251 495 1344 τοῖχοι
521 1249 632 1328 ἐόντες
658 1247 773 1330 ἅλινοι,
805 1249 834 1320 εί
861 1248 909 1322 ύε.
956 1247 1031 1322 δδέ
1049 1247 1110 1330 ἃλς
1135 1251 1252 1322 αὐτόθι
1279 1255 1331 1323 καὶ

197 1369 312 1448 λευκός
343 1371 398 1439 καὶ
424 1369 616 1467 πορφύρεος
652 1370 690 1438 τδ
721 1365 811 1449 εἶδος
841 1367 1027 1466 ὀρύσσεται.
1092 1368 1174 1471 ὑπὲρ
1203 1370 1241 1442 δὲ
1268 1378 1332 1470 τῆς

146 1501 175 1552 ιο
195 1488 325 1586 ὀφρύης
350 1489 476 1586 ταύτης
500 1491 537 1558 τδ
562 1491 645 1588 πρδς
663 1490 760 1560 νότου
785 1490 840 1558 καί
866 1488 902 1569 ές
921 1491 1103 1586 μεσόγαιαν
1121 1499 1183 1589 της
1202 1489 1332 1592 Λιβύης

194 1607 324 1706 ἔρημος
342 1609 395 1678 καὶ
415 1604 554 1704 ἄνυδρος
572 1610 625 1678 καὶ
644 1607 775 1706 ἄθηρος
794 1611 847 1679 καὶ
866 1606 1037 1709 ἄνομβρος
1052 1611 1107 1680 καὶ
1123 1609 1242 1692 άξυλός
1260 1610 1331 1683 έστι

193 1729 345 1826 ηχιύρη,
367 1727 420 1798 καὶ
441 1727 578 1819 ἰκμάδος
596 1726 665 1799 ἐστὶ
684 1727 718 1798 έν
739 1725 826 1825 αὐτῇ
847 1725 956 1799 οὐδέν.

271 1842 368 1916 θύτω
397 1843 457 1941 μέν
484 1845 584 1944 μέχρι
612 1855 673 1946 τῆς
698 1843 897 1944 Τριτωνίδος
924 1848 1046 1947 λίμνης
1074 1839 1131 1922 ἀπ’
1159 1845 1399 1947 Λίγύπτουίύό

193 1965 339 2059 νομάδες
373 1964 437 2036 είσὶ
470 1966 649 2064 κρεοφάγοι
676 1990 712 2036 τε
741 1967 797 2036 καὶ
824 1966 1071 2063 γαλακτοπόται
1098 1967 1233 2070 Λίβυες,
1276 1969 1330 2038 καὶ

145 2099 174 2148 ¹5
194 2083 330 2184 θηλέων
350 2109 386 2156 τε
405 2083 495 2186 βοῶν
522 2082 594 2156 ούτι
618 2089 810 2189 γευόμενοι,
839 2086 922 2158 διότι
948 2113 1011 2186 περ
1038 2086 1118 2159 οὐδὲ
1145 2083 1327 2184 Λίγύπτιοι,

193 2207 248 2276 καὶ
267 2203 305 2285 ῦς
323 2203 363 2275 ού
380 2202 567 2300 τρέφοντες.
615 2203 703 2304 βοῦν
726 2202 785 2298 μέν
811 2231 867 2276 νυν
892 2205 1030 2304 θηλέων
1056 2200 1132 2278 οὐδ’
1157 2207 1191 2278 αί
1210 2202 1329 2306 Κυρη-

192 2329 294 2397 ναίων
313 2327 462 2421 γυναῖκες
480 2323 640 2398 δικαιεῦσι
658 2323 842 2397 πατέεσθαι
861 2325 916 2397 διὰ
931 2329 993 2423 την
1013 2325 1047 2397 έν
1061 2321 1326 2423 ΛίγύπτιρἿσιν,

193 2441 280 2517 ἀλλὰ
307 2445 361 2514 καὶ
387 2446 553 2541 νηστηίας
580 2441 666 2542 αὐτῇ
693 2447 747 2516 καὶ
772 2442 870 2541 ὁρτὰς
895 2445 1123 2518 ἐπιτελέουσι·
1152 2448 1187 2517 αί
1205 2445 1242 2517 δὲ
1260 2454 1327 2516 τῶν

193 2561 372 2662 Βαρκαίων
405 2562 555 2659 γυναῖκες
589 2561 669 2634 οὐδὲ
705 2562 773 2634 ύιῦν
808 2568 892 2662 πρὸς
924 2567 1004 2664 τῇσι
1037 2567 1133 2666 βουσὶ
1165 2569 1326 2663 γεύονται.

140 2701 173 2750 20
192 2688 297 2754 ταῦτα
324 2681 382 2776 μέν
409 2682 451 2779 δη
481 2679 568 2752 ούτω
595 2679 676 2778 ἔχει.
723 2684 761 2754 τῦ
787 2682 825 2754 δέ
849 2686 933 2782 πρὸς
952 2683 1098 2783 ἑσπέρης
1116 2692 1178 2783 της
1196 2681 1325 2784 Τριτω-
1340 2698 1396 2759 187

191 2802 281 2882 νίδος
310 2801 431 2900 λίμνης
458 2799 568 2873 ούκέτι
591 2800 735 2895 νομάδες
760 2802 824 2874 εἰσί
843 2802 966 2903 Λίβυες
989 2803 1069 2875 οῦδὲ
1092 2805 1225 2896 νόμοισι
1243 2808 1327 2876 τοῖσι

192 2922 320 2995 αύτοῖσι
338 2924 535 3020 χρεώμενοι.
556 2919 634 2992 οῦδὲ
653 2920 794 2993 κατὰτὰ
812 2922 929 2994 παιδία
946 2928 1116 3004 ποιεῦντες
1133 2919 1205 2993 οἶόν
1225 2949 1256 2995 τι
1273 2927 1327 2994 καὶ

191 3045 222 3112 οἱ
239 3040 383 3136 νομάδες
402 3039 528 3112 ἐώθασι
546 3039 684 3112 ποιέειν.
731 3043 762 3112 σί
779 3041 843 3140 γὰρ
866 3040 909 3139 δη
928 3049 994 3111 τιῦν
1015 3042 1150 3143 Λιβύων
1169 3044 1325 3137 νομάδες,

191 3161 219 3233 εί
246 3159 306 3255 μέν
331 3159 462 3242 πάντες,
490 3158 551 3231 οὐκ
577 3159 648 3258 ἔχω
674 3157 841 3261 ἀτρεκέως
865 3166 964 3233 τοῦτο
990 3162 1102 3246 είπεῖν,
1136 3168 1267 3235 ποιεῦσι
1291 3160 1329 3234 δέ

140 3297 172 3346 25
192 3280 301 3352 αὐτῶν
329 3282 445 3377 συχνοὶ
472 3279 594 3352 τοιάδε.
647 3287 714 3350 τῶν
743 3282 885 3352 παιδίων
912 3288 980 3351 τῶν
1006 3282 1195 3380 σφετέρων,
1227 3281 1326 3353 ἐπεὰν

190 3401 368 3499 τετραέτεα
399 3397 559 3498 γένηται,
594 3401 695 3498 οἴσπη
728 3399 908 3500 προβάτων
938 3406 1067 3472 καίουσι
1098 3400 1158 3481 τὰς
1183 3401 1217 3472 έν
1249 3403 1327 3499 τῇσι

344 3635 382 3689 &tt
394 3635 419 3688 οί
432 3633 523 3706 Λίβυες
534 3636 579 3696 τὰς
593 3636 688 3708 φλέβας
699 3643 747 3707 τῆς
759 3636 875 3709 κεφαλῆς
887 3635 1000 3690 καίουσιν

293 3827 334 3878 26.
355 3822 442 3888 Λέξεις

241 3983 267 4033 2.
287 3979 419 4052 όφρύιΡιΙ
451 3982 463 4045 ΙΙ
503 3980 573 4034 &R
612 3983 623 4046 ΙΙ
664 3984 688 4033 3.
709 3981 885 4052 ἡμακληῑιονε
925 3985 937 4046 ΙΙ
978 3985 1002 4032 4.
1024 3982 1084 4048 ἔστι]
1099 3984 1169 4036 ἐνΙδ
1202 3985 1214 4048 ΙΙ
1250 3987 1274 4037 7.
1295 3984 1325 4039 ἂν

188 4067 242 4104 om.
258 4051 299 4102 Rz
326 4052 337 4114 ΙΙ
366 4048 533 4118 ἡδυναίοτοσ
559 4051 570 4114 ΙΙ
603 4052 642 4102 ίί).
663 4051 724 4119 πρὸς
737 4051 810 4103 νότον
822 4051 866 4103 καὶ
879 4051 1013 4120 μεσόγαιαν
1027 4052 1094 4105 PR:
1123 4055 1135 4117 ΙΙ
1170 4055 1207 4104 Η.
1229 4052 1325 4123 ἕρημος

191 4119 239 4172 ίῬ
266 4121 276 4183 ΙΙ
311 4121 350 4169 Μ.
370 4119 547 4190 κρεωφάγοιιί
580 4122 591 4184 ΙΙ
629 4123 668 4170 15.
689 4118 789 4188 θηλεων
804 4119 858 4173 PR
886 4123 898 4185 ΙΙ
927 4120 965 4173 ότι
981 4121 1011 4183 0,
1026 4118 1122 4173 ούτοιπ
1156 4125 1168 4187 ΙΙ
1205 4122 1244 4173 16.
1265 4121 1325 4175 οὐδὲ

189 4187 215 4238 lc
244 4189 255 4252 11
288 4189 326 4240 Π.
348 4184 471 4239 ἅπτεσθαι
483 4185 582 4242 ΛΒΟά
608 4190 618 4253 ΙΙ
652 4189 691 4240 18.
712 4187 879 4242 άλλάοια.ιί
900 4192 911 4253 ΙΙ
934 4189 1088 4259 νηστείαςό
1111 4191 1122 4254 ΙΙ
1148 4191 1190 4244 ἐπι
1225 4189 1325 4244 δεύουσι

187 4257 229 4309 Rz
241 4264 268 4309 et
282 4257 346 4326 spr.
363 4264 393 4309 ut
404 4253 512 4310 videtur
534 4258 546 4321 ΙΙ
572 4258 610 4310 19.
631 4257 786 4328 βαριιέωνΒ
811 4259 822 4322 ΙΙ
846 4259 887 4308 20.
907 4256 1031 4316 ούτωςΒ
1054 4260 1065 4323 ΙΙ
1087 4259 1159 4313 mdo
1178 4263 1191 4324 ΙΙ
1235 4261 1256 4312 Ι.
1278 4260 1325 4313 οῦκ

186 4325 281 4379 caule
309 4327 321 4392 ΙΙ
351 4327 392 4376 22.
434 4325 587 4394 ρεόμενοιΡ
611 4328 623 4392 ΙΙ
652 4325 766 4379 πεδίοιΒ
795 4328 807 4391 ΙΙ
837 4328 878 4378 23.
899 4325 1004 4379 εἰώθασι
1015 4328 1115 4381 ABCd
1142 4332 1153 4394 ΙΙ
1186 4331 1227 4381 24.
1248 4335 1323 4382 τοῦτο

186 4393 313 4466 ἀτρεκέως
327 4395 355 4448 R
375 4397 386 4460 ΙΙ
409 4341 502 4450 εθπαιε
525 4397 536 4460 ΙΙ
561 4395 602 4448 26.
622 4395 743 4466 γένωνται
759 4396 782 4450 Ο
798 4397 809 4459 ll
831 4394 918 4467 αίσπηι
929 4396 1078 4466 ΑΒΟμν.ά
1097 4396 1323 4474 (μίστυλεοίσύπη
