<?xml version="1.0" encoding="UTF-8"?>
<!DOCTYPE html PUBLIC "-//W3C//DTD XHTML 1.0 Transitional//EN"
    "http://www.w3.org/TR/xhtml1/DTD/xhtml1-transitional.dtd">
<html xmlns="http://www.w3.org/1999/xhtml" xml:lang="en" lang="en">
 <head>
  <title>
</title>
<meta http-equiv="Content-Type" content="text/html;charset=utf-8" />
  <meta name='ocr-system' content='tesseract 3.04.00' />
  <meta name='ocr-capabilities' content='ocr_page ocr_carea ocr_par ocr_line ocrx_word'/>
</head>
<body>
  <div class='ocr_page' id='page_1' title='image "./herodotihistori01steigoog_0199.png"; bbox 0 0 3175 5092; ppageno 0'>
   <div class='ocr_carea' id='block_1_1' title="bbox 648 362 851 425">
    <p class='ocr_par' dir='ltr' id='par_1_1' title="bbox 648 362 851 425">
     <span class='ocr_line' id='line_1_1' title="bbox 648 362 851 425; baseline 0.005 -15"><span class='ocrx_word' id='word_1_1' title='bbox 648 362 851 425; x_wconf 62' lang='lat' dir='ltr'>-A..</span> 
     </span>
    </p>
   </div>
   <div class='ocr_carea' id='block_1_2' title="bbox 127 526 1375 2548">
    <p class='ocr_par' dir='ltr' id='par_1_2' title="bbox 176 526 1315 993">
     <span class='ocr_line' id='line_1_2' title="bbox 179 526 1315 637; baseline 0.001 -31"><span class='ocrx_word' id='word_1_2' title='bbox 179 534 313 607; x_wconf 80' lang='grc' dir='ltr'>ἐκέλευε</span> <span class='ocrx_word' id='word_1_3' title='bbox 332 534 366 607; x_wconf 84' lang='grc' dir='ltr'>ἓν</span> <span class='ocrx_word' id='word_1_4' title='bbox 385 535 622 636; x_wconf 83' lang='grc' dir='ltr'>βουλευτήριον</span> <span class='ocrx_word' id='word_1_5' title='bbox 635 526 757 617; x_wconf 83' lang='grc' dir='ltr'>Ὶωνας</span> <span class='ocrx_word' id='word_1_6' title='bbox 774 537 945 637; x_wconf 76' lang='grc' dir='ltr'>ἐκτῆσθαι,</span> <span class='ocrx_word' id='word_1_7' title='bbox 975 542 1012 609; x_wconf 81' lang='grc' dir='ltr'>τὸ</span> <span class='ocrx_word' id='word_1_8' title='bbox 1030 537 1068 609; x_wconf 86' lang='grc' dir='ltr'>δέ</span> <span class='ocrx_word' id='word_1_9' title='bbox 1086 537 1169 609; x_wconf 84' lang='grc' dir='ltr'>εἶναι</span> <span class='ocrx_word' id='word_1_10' title='bbox 1188 538 1222 609; x_wconf 88' lang='grc' dir='ltr'>έν</span> <span class='ocrx_word' id='word_1_11' title='bbox 1241 535 1315 633; x_wconf 82' lang='grc' dir='ltr'>Τέῳ</span> 
     </span>
     <span class='ocr_line' id='line_1_3' title="bbox 180 647 1314 755; baseline 0.004 -30"><span class='ocrx_word' id='word_1_12' title='bbox 180 652 288 745; x_wconf 79' lang='grc' dir='ltr'>(Τέων</span> <span class='ocrx_word' id='word_1_13' title='bbox 305 654 369 753; x_wconf 83' lang='grc' dir='ltr'>γὰρ</span> <span class='ocrx_word' id='word_1_14' title='bbox 389 655 492 748; x_wconf 88' lang='grc' dir='ltr'>μέσον</span> <span class='ocrx_word' id='word_1_15' title='bbox 510 656 594 729; x_wconf 81' lang='grc' dir='ltr'>εἶναι</span> <span class='ocrx_word' id='word_1_16' title='bbox 607 647 774 755; x_wconf 83' lang='grc' dir='ltr'>Ἰωνίης),</span> <span class='ocrx_word' id='word_1_17' title='bbox 805 656 865 738; x_wconf 84' lang='grc' dir='ltr'>τάς</span> <span class='ocrx_word' id='word_1_18' title='bbox 889 656 926 727; x_wconf 80' lang='grc' dir='ltr'>δὲ</span> <span class='ocrx_word' id='word_1_19' title='bbox 944 655 1052 737; x_wconf 84' lang='grc' dir='ltr'>ἄλλας</span> <span class='ocrx_word' id='word_1_20' title='bbox 1069 657 1191 738; x_wconf 88' lang='grc' dir='ltr'>πόλιας</span> <span class='ocrx_word' id='word_1_21' title='bbox 1209 658 1314 729; x_wconf 89' lang='grc' dir='ltr'>οίκευ-</span> 
     </span>
     <span class='ocr_line' id='line_1_4' title="bbox 178 774 1313 875; baseline 0.002 -31"><span class='ocrx_word' id='word_1_22' title='bbox 178 774 284 867; x_wconf 80' lang='grc' dir='ltr'>μένας</span> <span class='ocrx_word' id='word_1_23' title='bbox 300 775 407 874; x_wconf 76' lang='grc' dir='ltr'>ησσον</span> <span class='ocrx_word' id='word_1_24' title='bbox 424 776 619 869; x_wconf 76' lang='grc' dir='ltr'>νομίζεσθαι</span> <span class='ocrx_word' id='word_1_25' title='bbox 642 776 728 848; x_wconf 90' lang='grc' dir='ltr'>κατά</span> <span class='ocrx_word' id='word_1_26' title='bbox 751 802 816 874; x_wconf 90' lang='grc' dir='ltr'>περ</span> <span class='ocrx_word' id='word_1_27' title='bbox 841 778 869 847; x_wconf 89' lang='grc' dir='ltr'>εί</span> <span class='ocrx_word' id='word_1_28' title='bbox 897 778 1000 875; x_wconf 77' lang='grc' dir='ltr'>δῆμοι</span> <span class='ocrx_word' id='word_1_29' title='bbox 1021 774 1096 847; x_wconf 81' lang='grc' dir='ltr'>εἶεν.</span> <span class='ocrx_word' id='word_1_30' title='bbox 1142 776 1233 849; x_wconf 76' lang='grc' dir='ltr'>οὗτοι</span> <span class='ocrx_word' id='word_1_31' title='bbox 1253 777 1313 870; x_wconf 82' lang='grc' dir='ltr'>μὲν</span> 
     </span>
     <span class='ocr_line' id='line_1_5' title="bbox 176 894 841 993; baseline 0.002 -28"><span class='ocrx_word' id='word_1_32' title='bbox 176 896 224 993; x_wconf 83' lang='grc' dir='ltr'>δή</span> <span class='ocrx_word' id='word_1_33' title='bbox 243 920 304 991; x_wconf 80' lang='grc' dir='ltr'>σφι</span> <span class='ocrx_word' id='word_1_34' title='bbox 323 898 459 991; x_wconf 88' lang='grc' dir='ltr'>γνώμας</span> <span class='ocrx_word' id='word_1_35' title='bbox 476 895 611 969; x_wconf 87' lang='grc' dir='ltr'>τοιάσδε</span> <span class='ocrx_word' id='word_1_36' title='bbox 629 894 841 977; x_wconf 79' lang='grc' dir='ltr'>ἀπεδέξαντο.</span> 
     </span>
    </p>

    <p class='ocr_par' dir='ltr' id='par_1_3' title="bbox 142 1003 1375 1593">
     <span class='ocr_line' id='line_1_6' title="bbox 142 1003 1375 1115; baseline 0.006 -28"><span class='ocrx_word' id='word_1_37' title='bbox 142 1040 158 1087; x_wconf 78' lang='lat'>5</span> <span class='ocrx_word' id='word_1_38' title='bbox 250 1003 429 1112; x_wconf 69' lang='grc' dir='ltr'>’Ἅρπαγος</span> <span class='ocrx_word' id='word_1_39' title='bbox 455 1012 495 1086; x_wconf 82' lang='grc' dir='ltr'>δὲ</span> <span class='ocrx_word' id='word_1_40' title='bbox 526 1016 842 1114; x_wconf 70' lang='grc' dir='ltr'>καταστρεψάμενος</span> <span class='ocrx_word' id='word_1_41' title='bbox 865 1006 999 1113; x_wconf 87' lang='grc' dir='ltr'>Ἰωνίην</span> <span class='ocrx_word' id='word_1_42' title='bbox 1029 1016 1179 1088; x_wconf 88' lang='grc' dir='ltr'>ἐποιέετο</span> <span class='ocrx_word' id='word_1_43' title='bbox 1208 1034 1375 1115; x_wconf 76' lang='grc' dir='ltr'>σερε-171</span> 
     </span>
     <span class='ocr_line' id='line_1_7' title="bbox 176 1130 1314 1233; baseline 0.002 -28"><span class='ocrx_word' id='word_1_44' title='bbox 176 1138 281 1232; x_wconf 89' lang='grc' dir='ltr'>τηίην</span> <span class='ocrx_word' id='word_1_45' title='bbox 307 1134 363 1205; x_wconf 80' lang='grc' dir='ltr'>ἐπὶ</span> <span class='ocrx_word' id='word_1_46' title='bbox 388 1130 506 1233; x_wconf 83' lang='grc' dir='ltr'>Κᾶρας</span> <span class='ocrx_word' id='word_1_47' title='bbox 533 1138 588 1207; x_wconf 85' lang='grc' dir='ltr'>καὶ</span> <span class='ocrx_word' id='word_1_48' title='bbox 615 1132 781 1216; x_wconf 77' lang='grc' dir='ltr'>Καυνίους</span> <span class='ocrx_word' id='word_1_49' title='bbox 806 1138 860 1207; x_wconf 86' lang='grc' dir='ltr'>καὶ</span> <span class='ocrx_word' id='word_1_50' title='bbox 879 1133 1028 1231; x_wconf 78' lang='grc' dir='ltr'>Λυκίους,</span> <span class='ocrx_word' id='word_1_51' title='bbox 1055 1134 1126 1229; x_wconf 83' lang='grc' dir='ltr'>ἅμα</span> <span class='ocrx_word' id='word_1_52' title='bbox 1151 1134 1314 1230; x_wconf 76' lang='grc' dir='ltr'>ἀγόμενος</span> 
     </span>
     <span class='ocr_line' id='line_1_8' title="bbox 175 1247 1313 1353; baseline 0 -28"><span class='ocrx_word' id='word_1_53' title='bbox 175 1247 367 1333; x_wconf 79' lang='grc' dir='ltr'>καὶἺωνας</span> <span class='ocrx_word' id='word_1_54' title='bbox 384 1256 438 1325; x_wconf 84' lang='grc' dir='ltr'>καὶ</span> <span class='ocrx_word' id='word_1_55' title='bbox 452 1250 607 1335; x_wconf 79' lang='grc' dir='ltr'>Αἰολέας.</span> <span class='ocrx_word' id='word_1_56' title='bbox 640 1256 703 1327; x_wconf 81' lang='grc' dir='ltr'>είσί</span> <span class='ocrx_word' id='word_1_57' title='bbox 721 1253 759 1327; x_wconf 83' lang='grc' dir='ltr'>δὲ</span> <span class='ocrx_word' id='word_1_58' title='bbox 774 1257 904 1327; x_wconf 86' lang='grc' dir='ltr'>τούτων</span> <span class='ocrx_word' id='word_1_59' title='bbox 926 1252 1038 1353; x_wconf 83' lang='grc' dir='ltr'>Κᾶρες</span> <span class='ocrx_word' id='word_1_60' title='bbox 1057 1254 1117 1348; x_wconf 85' lang='grc' dir='ltr'>μὲν</span> <span class='ocrx_word' id='word_1_61' title='bbox 1136 1254 1313 1353; x_wconf 80' lang='grc' dir='ltr'>ἀπιγμένοι</span> 
     </span>
     <span class='ocr_line' id='line_1_9' title="bbox 175 1370 1313 1473; baseline 0 -28"><span class='ocrx_word' id='word_1_62' title='bbox 175 1373 213 1453; x_wconf 90' lang='grc' dir='ltr'>ἐς</span> <span class='ocrx_word' id='word_1_63' title='bbox 229 1376 293 1471; x_wconf 83' lang='grc' dir='ltr'>τήν</span> <span class='ocrx_word' id='word_1_64' title='bbox 312 1373 452 1470; x_wconf 84' lang='grc' dir='ltr'>ήπειρον</span> <span class='ocrx_word' id='word_1_65' title='bbox 472 1372 595 1445; x_wconf 79' lang='grc' dir='ltr'>ἐκτῶν</span> <span class='ocrx_word' id='word_1_66' title='bbox 613 1378 738 1472; x_wconf 84' lang='grc' dir='ltr'>νήσων.</span> <span class='ocrx_word' id='word_1_67' title='bbox 783 1376 822 1445; x_wconf 85' lang='grc' dir='ltr'>τό</span> <span class='ocrx_word' id='word_1_68' title='bbox 841 1372 902 1473; x_wconf 83' lang='grc' dir='ltr'>γὰρ</span> <span class='ocrx_word' id='word_1_69' title='bbox 925 1375 1067 1446; x_wconf 86' lang='grc' dir='ltr'>παλαιδν</span> <span class='ocrx_word' id='word_1_70' title='bbox 1086 1375 1196 1455; x_wconf 87' lang='grc' dir='ltr'>ἐόντες</span> <span class='ocrx_word' id='word_1_71' title='bbox 1214 1370 1313 1447; x_wconf 89' lang='grc' dir='ltr'>Μίνω</span> 
     </span>
     <span class='ocr_line' id='line_1_10' title="bbox 174 1492 1312 1593; baseline -0.001 -29"><span class='ocrx_word' id='word_1_72' title='bbox 174 1496 340 1590; x_wconf 88' lang='grc' dir='ltr'>κατήκοοι</span> <span class='ocrx_word' id='word_1_73' title='bbox 367 1494 422 1564; x_wconf 86' lang='grc' dir='ltr'>καὶ</span> <span class='ocrx_word' id='word_1_74' title='bbox 448 1492 646 1587; x_wconf 81' lang='grc' dir='ltr'>καλεόμενοι</span> <span class='ocrx_word' id='word_1_75' title='bbox 670 1493 818 1593; x_wconf 77' lang='grc' dir='ltr'>Λέλεγες</span> <span class='ocrx_word' id='word_1_76' title='bbox 843 1494 935 1593; x_wconf 81' lang='grc' dir='ltr'>εἶχον</span> <span class='ocrx_word' id='word_1_77' title='bbox 963 1494 1023 1575; x_wconf 84' lang='grc' dir='ltr'>τὰς</span> <span class='ocrx_word' id='word_1_78' title='bbox 1047 1498 1180 1593; x_wconf 84' lang='grc' dir='ltr'>νήσους,</span> <span class='ocrx_word' id='word_1_79' title='bbox 1209 1496 1312 1593; x_wconf 76' lang='grc' dir='ltr'>φόρον</span> 
     </span>
    </p>

    <p class='ocr_par' dir='ltr' id='par_1_4' title="bbox 128 1610 1314 2190">
     <span class='ocr_line' id='line_1_11' title="bbox 128 1610 1314 1712; baseline -0.001 -27"><span class='ocrx_word' id='word_1_80' title='bbox 128 1637 157 1686; x_wconf 91' lang='grc' dir='ltr'>ιο</span> <span class='ocrx_word' id='word_1_81' title='bbox 176 1610 240 1706; x_wconf 83' lang='grc' dir='ltr'>μὲν</span> <span class='ocrx_word' id='word_1_82' title='bbox 276 1610 401 1683; x_wconf 88' lang='grc' dir='ltr'>οὐδένα</span> <span class='ocrx_word' id='word_1_83' title='bbox 435 1610 688 1695; x_wconf 85' lang='grc' dir='ltr'>ὑποτελέοντες,</span> <span class='ocrx_word' id='word_1_84' title='bbox 723 1614 804 1685; x_wconf 79' lang='grc' dir='ltr'>ὅσον</span> <span class='ocrx_word' id='word_1_85' title='bbox 830 1615 883 1685; x_wconf 85' lang='grc' dir='ltr'>καὶ</span> <span class='ocrx_word' id='word_1_86' title='bbox 908 1614 976 1712; x_wconf 83' lang='grc' dir='ltr'>ἐγώ</span> <span class='ocrx_word' id='word_1_87' title='bbox 1002 1614 1139 1695; x_wconf 88' lang='grc' dir='ltr'>δυνατός</span> <span class='ocrx_word' id='word_1_88' title='bbox 1166 1614 1232 1707; x_wconf 82' lang='grc' dir='ltr'>εἰμι</span> <span class='ocrx_word' id='word_1_89' title='bbox 1259 1613 1314 1687; x_wconf 82' lang='grc' dir='ltr'>ἐπὶ</span> 
     </span>
     <span class='ocr_line' id='line_1_12' title="bbox 174 1728 1310 1832; baseline 0.001 -28"><span class='ocrx_word' id='word_1_90' title='bbox 174 1734 385 1831; x_wconf 83' lang='grc' dir='ltr'>μακρότατον</span> <span class='ocrx_word' id='word_1_91' title='bbox 419 1730 586 1810; x_wconf 69' lang='grc' dir='ltr'>ἐξικέσθαι</span> <span class='ocrx_word' id='word_1_92' title='bbox 616 1732 725 1832; x_wconf 78' lang='grc' dir='ltr'>ἀκοή·</span> <span class='ocrx_word' id='word_1_93' title='bbox 765 1736 797 1805; x_wconf 92' lang='grc' dir='ltr'>οί</span> <span class='ocrx_word' id='word_1_94' title='bbox 828 1732 882 1816; x_wconf 89' lang='grc' dir='ltr'>δέ,</span> <span class='ocrx_word' id='word_1_95' title='bbox 919 1734 1006 1813; x_wconf 87' lang='grc' dir='ltr'>όκως</span> <span class='ocrx_word' id='word_1_96' title='bbox 1039 1728 1158 1814; x_wconf 88' lang='grc' dir='ltr'>Μίνως</span> <span class='ocrx_word' id='word_1_97' title='bbox 1192 1732 1310 1817; x_wconf 88' lang='grc' dir='ltr'>δέοιτο,</span> 
     </span>
     <span class='ocr_line' id='line_1_13' title="bbox 173 1849 1312 1952; baseline -0.001 -29"><span class='ocrx_word' id='word_1_98' title='bbox 173 1852 348 1949; x_wconf 81' lang='grc' dir='ltr'>ἐπλήρουν</span> <span class='ocrx_word' id='word_1_99' title='bbox 365 1852 398 1922; x_wconf 79' lang='grc' dir='ltr'>οί</span> <span class='ocrx_word' id='word_1_100' title='bbox 414 1850 476 1932; x_wconf 83' lang='grc' dir='ltr'>τὰς</span> <span class='ocrx_word' id='word_1_101' title='bbox 491 1852 581 1932; x_wconf 86' lang='grc' dir='ltr'>νέας.</span> <span class='ocrx_word' id='word_1_102' title='bbox 629 1852 687 1926; x_wconf 83' lang='grc' dir='ltr'>άτε</span> <span class='ocrx_word' id='word_1_103' title='bbox 706 1853 749 1952; x_wconf 77' lang='grc' dir='ltr'>δή</span> <span class='ocrx_word' id='word_1_104' title='bbox 768 1849 867 1925; x_wconf 86' lang='grc' dir='ltr'>Μίνω</span> <span class='ocrx_word' id='word_1_105' title='bbox 885 1878 921 1925; x_wconf 88' lang='grc' dir='ltr'>τε</span> <span class='ocrx_word' id='word_1_106' title='bbox 939 1854 1231 1952; x_wconf 87' lang='grc' dir='ltr'>κατεστραμμένου</span> <span class='ocrx_word' id='word_1_107' title='bbox 1250 1862 1312 1952; x_wconf 80' lang='grc' dir='ltr'>γῆν</span> 
     </span>
     <span class='ocr_line' id='line_1_14' title="bbox 172 1969 1313 2072; baseline 0.001 -30"><span class='ocrx_word' id='word_1_108' title='bbox 172 1970 308 2069; x_wconf 82' lang='grc' dir='ltr'>πολλὴν</span> <span class='ocrx_word' id='word_1_109' title='bbox 333 1972 390 2041; x_wconf 73' lang='grc' dir='ltr'>καὶ</span> <span class='ocrx_word' id='word_1_110' title='bbox 414 1971 632 2068; x_wconf 82' lang='grc' dir='ltr'>εὐτυχέοντος</span> <span class='ocrx_word' id='word_1_111' title='bbox 654 1974 705 2070; x_wconf 80' lang='grc' dir='ltr'>τῷ</span> <span class='ocrx_word' id='word_1_112' title='bbox 728 1972 886 2069; x_wconf 84' lang='grc' dir='ltr'>πολέμῳ,</span> <span class='ocrx_word' id='word_1_113' title='bbox 914 1974 952 2043; x_wconf 87' lang='grc' dir='ltr'>τδ</span> <span class='ocrx_word' id='word_1_114' title='bbox 972 1969 1119 2072; x_wconf 81' lang='grc' dir='ltr'>Καρικόν</span> <span class='ocrx_word' id='word_1_115' title='bbox 1144 1974 1187 2070; x_wconf 78' lang='grc' dir='ltr'>ην</span> <span class='ocrx_word' id='word_1_116' title='bbox 1214 1971 1313 2051; x_wconf 86' lang='grc' dir='ltr'>ἔθνος</span> 
     </span>
     <span class='ocr_line' id='line_1_15' title="bbox 174 2089 1310 2190; baseline 0.002 -29"><span class='ocrx_word' id='word_1_117' title='bbox 174 2090 406 2189; x_wconf 83' lang='grc' dir='ltr'>λογιμώτατον</span> <span class='ocrx_word' id='word_1_118' title='bbox 425 2098 494 2161; x_wconf 83' lang='grc' dir='ltr'>τῶν</span> <span class='ocrx_word' id='word_1_119' title='bbox 513 2090 639 2165; x_wconf 76' lang='grc' dir='ltr'>ἐθνέων</span> <span class='ocrx_word' id='word_1_120' title='bbox 658 2092 812 2165; x_wconf 79' lang='grc' dir='ltr'>ἁπάντων</span> <span class='ocrx_word' id='word_1_121' title='bbox 831 2089 914 2163; x_wconf 83' lang='grc' dir='ltr'>κατὰ</span> <span class='ocrx_word' id='word_1_122' title='bbox 931 2096 1048 2163; x_wconf 82' lang='grc' dir='ltr'>τοῦτον</span> <span class='ocrx_word' id='word_1_123' title='bbox 1066 2090 1137 2186; x_wconf 88' lang='grc' dir='ltr'>άμα</span> <span class='ocrx_word' id='word_1_124' title='bbox 1155 2093 1210 2163; x_wconf 88' lang='grc' dir='ltr'>τδν</span> <span class='ocrx_word' id='word_1_125' title='bbox 1229 2094 1310 2190; x_wconf 90' lang='grc' dir='ltr'>χρό-</span> 
     </span>
    </p>

    <p class='ocr_par' dir='ltr' id='par_1_5' title="bbox 127 2209 1370 2548">
     <span class='ocr_line' id='line_1_16' title="bbox 127 2209 1311 2311; baseline -0.003 -27"><span class='ocrx_word' id='word_1_126' title='bbox 127 2234 156 2284; x_wconf 76' lang='lat'>15</span> <span class='ocrx_word' id='word_1_127' title='bbox 172 2237 229 2281; x_wconf 89' lang='grc' dir='ltr'>νον</span> <span class='ocrx_word' id='word_1_128' title='bbox 250 2213 373 2308; x_wconf 81' lang='grc' dir='ltr'>μακρῷ</span> <span class='ocrx_word' id='word_1_129' title='bbox 384 2209 539 2303; x_wconf 83' lang='grc' dir='ltr'>μάλιστα.</span> <span class='ocrx_word' id='word_1_130' title='bbox 583 2217 637 2283; x_wconf 88' lang='grc' dir='ltr'>καί</span> <span class='ocrx_word' id='word_1_131' title='bbox 654 2240 715 2311; x_wconf 76' lang='grc' dir='ltr'>σρι</span> <span class='ocrx_word' id='word_1_132' title='bbox 732 2211 824 2311; x_wconf 72' lang='grc' dir='ltr'>τριξὰ</span> <span class='ocrx_word' id='word_1_133' title='bbox 842 2211 1052 2311; x_wconf 78' lang='grc' dir='ltr'>ἐξευρήματα</span> <span class='ocrx_word' id='word_1_134' title='bbox 1070 2211 1203 2309; x_wconf 89' lang='grc' dir='ltr'>ἐγένετο</span> <span class='ocrx_word' id='word_1_135' title='bbox 1227 2217 1311 2281; x_wconf 89' lang='grc' dir='ltr'>τοῖσι</span> 
     </span>
     <span class='ocr_line' id='line_1_17' title="bbox 172 2325 1370 2430; baseline 0.002 -29"><span class='ocrx_word' id='word_1_136' title='bbox 172 2325 391 2427; x_wconf 77' lang='grc' dir='ltr'>οόἜλληνες</span> <span class='ocrx_word' id='word_1_137' title='bbox 406 2330 615 2428; x_wconf 86' lang='grc' dir='ltr'>ἐχρήσαντο·</span> <span class='ocrx_word' id='word_1_138' title='bbox 644 2333 699 2403; x_wconf 83' lang='grc' dir='ltr'>καὶ</span> <span class='ocrx_word' id='word_1_139' title='bbox 724 2332 787 2430; x_wconf 85' lang='grc' dir='ltr'>γάρ</span> <span class='ocrx_word' id='word_1_140' title='bbox 814 2330 869 2404; x_wconf 85' lang='grc' dir='ltr'>ἐπὶ</span> <span class='ocrx_word' id='word_1_141' title='bbox 893 2328 934 2403; x_wconf 84' lang='grc' dir='ltr'>τὰ</span> <span class='ocrx_word' id='word_1_142' title='bbox 952 2330 1075 2430; x_wconf 82' lang='grc' dir='ltr'>κράνεα</span> <span class='ocrx_word' id='word_1_143' title='bbox 1095 2331 1220 2429; x_wconf 79' lang='grc' dir='ltr'>λόφους</span> <span class='ocrx_word' id='word_1_144' title='bbox 1237 2330 1310 2405; x_wconf 88' lang='grc' dir='ltr'>ἐπι·</span> <span class='ocrx_word' id='word_1_145' title='bbox 1369 2392 1370 2395; x_wconf 32' lang='grc'>,</span> 
     </span>
     <span class='ocr_line' id='line_1_18' title="bbox 171 2446 1311 2548; baseline -0.002 -25"><span class='ocrx_word' id='word_1_146' title='bbox 171 2450 313 2523; x_wconf 76' lang='grc' dir='ltr'>δέεσθαι</span> <span class='ocrx_word' id='word_1_147' title='bbox 333 2446 446 2548; x_wconf 84' lang='grc' dir='ltr'>Κᾶρές</span> <span class='ocrx_word' id='word_1_148' title='bbox 470 2450 534 2521; x_wconf 88' lang='grc' dir='ltr'>είσι</span> <span class='ocrx_word' id='word_1_149' title='bbox 558 2451 589 2521; x_wconf 89' lang='grc' dir='ltr'>οί</span> <span class='ocrx_word' id='word_1_150' title='bbox 616 2451 854 2532; x_wconf 71' lang='grc' dir='ltr'>καταδέξαντες</span> <span class='ocrx_word' id='word_1_151' title='bbox 878 2454 933 2523; x_wconf 84' lang='grc' dir='ltr'>καὶ</span> <span class='ocrx_word' id='word_1_152' title='bbox 958 2450 1013 2523; x_wconf 84' lang='grc' dir='ltr'>ἐπὶ</span> <span class='ocrx_word' id='word_1_153' title='bbox 1031 2449 1090 2532; x_wconf 83' lang='grc' dir='ltr'>τὰς</span> <span class='ocrx_word' id='word_1_154' title='bbox 1108 2448 1251 2533; x_wconf 86' lang='grc' dir='ltr'>ἀσπίδας</span> <span class='ocrx_word' id='word_1_155' title='bbox 1272 2449 1311 2522; x_wconf 86' lang='grc' dir='ltr'>τά</span> 
     </span>
    </p>
   </div>
   <div class='ocr_carea' id='block_1_3' title="bbox 130 2567 1312 3390">
    <p class='ocr_par' dir='ltr' id='par_1_6' title="bbox 130 2567 1312 3390">
     <span class='ocr_line' id='line_1_19' title="bbox 171 2567 1309 2671; baseline 0 -28"><span class='ocrx_word' id='word_1_156' title='bbox 171 2574 311 2669; x_wconf 79' lang='grc' dir='ltr'>σημήια</span> <span class='ocrx_word' id='word_1_157' title='bbox 327 2568 513 2651; x_wconf 84' lang='grc' dir='ltr'>ποιέεσθαι,</span> <span class='ocrx_word' id='word_1_158' title='bbox 540 2572 595 2641; x_wconf 79' lang='grc' dir='ltr'>καὶ</span> <span class='ocrx_word' id='word_1_159' title='bbox 619 2568 728 2665; x_wconf 86' lang='grc' dir='ltr'>όχσνα</span> <span class='ocrx_word' id='word_1_160' title='bbox 745 2567 863 2643; x_wconf 85' lang='grc' dir='ltr'>ἀσπίσι</span> <span class='ocrx_word' id='word_1_161' title='bbox 881 2570 972 2643; x_wconf 80' lang='grc' dir='ltr'>οὗτοί</span> <span class='ocrx_word' id='word_1_162' title='bbox 989 2572 1053 2645; x_wconf 88' lang='grc' dir='ltr'>είσι</span> <span class='ocrx_word' id='word_1_163' title='bbox 1070 2574 1101 2644; x_wconf 84' lang='grc' dir='ltr'>οί</span> <span class='ocrx_word' id='word_1_164' title='bbox 1118 2572 1309 2671; x_wconf 84' lang='grc' dir='ltr'>ποιησάμε-</span> 
     </span>
     <span class='ocr_line' id='line_1_20' title="bbox 171 2686 1308 2789; baseline 0.004 -32"><span class='ocrx_word' id='word_1_165' title='bbox 171 2716 221 2761; x_wconf 88' lang='grc' dir='ltr'>νοι</span> <span class='ocrx_word' id='word_1_166' title='bbox 237 2697 392 2788; x_wconf 80' lang='grc' dir='ltr'>πρῶτοι·</span> <span class='ocrx_word' id='word_1_167' title='bbox 413 2689 500 2769; x_wconf 85' lang='grc' dir='ltr'>τέως</span> <span class='ocrx_word' id='word_1_168' title='bbox 519 2688 557 2761; x_wconf 84' lang='grc' dir='ltr'>δὲ</span> <span class='ocrx_word' id='word_1_169' title='bbox 575 2686 655 2761; x_wconf 85' lang='grc' dir='ltr'>ἄνευ</span> <span class='ocrx_word' id='word_1_170' title='bbox 672 2688 805 2787; x_wconf 81' lang='grc' dir='ltr'>ὀχάνων</span> <span class='ocrx_word' id='word_1_171' title='bbox 826 2690 965 2789; x_wconf 79' lang='grc' dir='ltr'>ἐφόρεον</span> <span class='ocrx_word' id='word_1_172' title='bbox 984 2689 1044 2772; x_wconf 83' lang='grc' dir='ltr'>τὰς</span> <span class='ocrx_word' id='word_1_173' title='bbox 1061 2688 1204 2773; x_wconf 85' lang='grc' dir='ltr'>ἀσπίδας</span> <span class='ocrx_word' id='word_1_174' title='bbox 1221 2693 1308 2765; x_wconf 88' lang='grc' dir='ltr'>πάν-</span> 
     </span>
     <span class='ocr_line' id='line_1_21' title="bbox 130 2805 1310 2908; baseline -0.002 -25"><span class='ocrx_word' id='word_1_175' title='bbox 130 2833 225 2888; x_wconf 77' lang='grc' dir='ltr'>ιοτες</span> <span class='ocrx_word' id='word_1_176' title='bbox 258 2806 296 2881; x_wconf 82' lang='grc' dir='ltr'>οἵ</span> <span class='ocrx_word' id='word_1_177' title='bbox 317 2834 381 2907; x_wconf 87' lang='grc' dir='ltr'>περ</span> <span class='ocrx_word' id='word_1_178' title='bbox 408 2808 559 2881; x_wconf 87' lang='grc' dir='ltr'>ἐώθεσαν</span> <span class='ocrx_word' id='word_1_179' title='bbox 588 2805 704 2881; x_wconf 89' lang='grc' dir='ltr'>άσπίσι</span> <span class='ocrx_word' id='word_1_180' title='bbox 735 2809 897 2908; x_wconf 84' lang='grc' dir='ltr'>χρᾶσθαι,</span> <span class='ocrx_word' id='word_1_181' title='bbox 932 2810 1103 2904; x_wconf 88' lang='grc' dir='ltr'>τελαμώσι</span> <span class='ocrx_word' id='word_1_182' title='bbox 1133 2816 1310 2885; x_wconf 87' lang='grc' dir='ltr'>σκυτίνοισι</span> 
     </span>
     <span class='ocr_line' id='line_1_22' title="bbox 170 2928 1310 3030; baseline 0.002 -31"><span class='ocrx_word' id='word_1_183' title='bbox 170 2930 389 3027; x_wconf 74' lang='grc' dir='ltr'>οἰηκίζοντες,</span> <span class='ocrx_word' id='word_1_184' title='bbox 407 2932 484 3027; x_wconf 83' lang='grc' dir='ltr'>περὶ</span> <span class='ocrx_word' id='word_1_185' title='bbox 501 2933 587 3001; x_wconf 86' lang='grc' dir='ltr'>τοῖσι</span> <span class='ocrx_word' id='word_1_186' title='bbox 604 2929 725 3026; x_wconf 83' lang='grc' dir='ltr'>αὐχέσι</span> <span class='ocrx_word' id='word_1_187' title='bbox 743 2956 779 3001; x_wconf 87' lang='grc' dir='ltr'>τε</span> <span class='ocrx_word' id='word_1_188' title='bbox 799 2932 853 3001; x_wconf 86' lang='grc' dir='ltr'>καὶ</span> <span class='ocrx_word' id='word_1_189' title='bbox 869 2932 955 3002; x_wconf 79' lang='grc' dir='ltr'>τοῖσι</span> <span class='ocrx_word' id='word_1_190' title='bbox 970 2928 1170 3030; x_wconf 85' lang='grc' dir='ltr'>ἀριστεροῖσι</span> <span class='ocrx_word' id='word_1_191' title='bbox 1188 2933 1310 3025; x_wconf 85' lang='grc' dir='ltr'>ὤμοισι</span> 
     </span>
     <span class='ocr_line' id='line_1_23' title="bbox 170 3045 1312 3149; baseline 0.002 -30"><span class='ocrx_word' id='word_1_192' title='bbox 170 3052 409 3147; x_wconf 79' lang='grc' dir='ltr'>περικείμενοι.</span> <span class='ocrx_word' id='word_1_193' title='bbox 464 3048 550 3142; x_wconf 89' lang='grc' dir='ltr'>μετὰ</span> <span class='ocrx_word' id='word_1_194' title='bbox 577 3049 615 3123; x_wconf 85' lang='grc' dir='ltr'>δέ</span> <span class='ocrx_word' id='word_1_195' title='bbox 640 3050 719 3130; x_wconf 90' lang='grc' dir='ltr'>τούς</span> <span class='ocrx_word' id='word_1_196' title='bbox 746 3045 863 3148; x_wconf 83' lang='grc' dir='ltr'>Κᾶρας</span> <span class='ocrx_word' id='word_1_197' title='bbox 888 3051 1003 3148; x_wconf 83' lang='grc' dir='ltr'>χρόνῳ</span> <span class='ocrx_word' id='word_1_198' title='bbox 1027 3049 1163 3149; x_wconf 78' lang='grc' dir='ltr'>ὕστερον</span> <span class='ocrx_word' id='word_1_199' title='bbox 1192 3051 1312 3147; x_wconf 84' lang='grc' dir='ltr'>πολλῷ</span> 
     </span>
     <span class='ocr_line' id='line_1_24' title="bbox 171 3156 1309 3267; baseline 0.002 -28"><span class='ocrx_word' id='word_1_200' title='bbox 171 3166 322 3267; x_wconf 85' lang='grc' dir='ltr'>Δωριέες</span> <span class='ocrx_word' id='word_1_201' title='bbox 346 3194 381 3241; x_wconf 87' lang='grc' dir='ltr'>τε</span> <span class='ocrx_word' id='word_1_202' title='bbox 405 3170 461 3240; x_wconf 81' lang='grc' dir='ltr'>καὶ</span> <span class='ocrx_word' id='word_1_203' title='bbox 480 3156 598 3249; x_wconf 88' lang='grc' dir='ltr'>Ὶωνες</span> <span class='ocrx_word' id='word_1_204' title='bbox 620 3167 848 3267; x_wconf 72' lang='grc' dir='ltr'>ἐξανέστησαν</span> <span class='ocrx_word' id='word_1_205' title='bbox 866 3168 984 3241; x_wconf 81' lang='grc' dir='ltr'>ἐκτῶν</span> <span class='ocrx_word' id='word_1_206' title='bbox 1002 3174 1127 3267; x_wconf 85' lang='grc' dir='ltr'>νήσων,</span> <span class='ocrx_word' id='word_1_207' title='bbox 1149 3172 1202 3243; x_wconf 85' lang='grc' dir='ltr'>καὶ</span> <span class='ocrx_word' id='word_1_208' title='bbox 1221 3170 1309 3241; x_wconf 80' lang='grc' dir='ltr'>οὕτω</span> 
     </span>
     <span class='ocr_line' id='line_1_25' title="bbox 172 3285 1310 3390; baseline 0.004 -33"><span class='ocrx_word' id='word_1_209' title='bbox 172 3287 208 3366; x_wconf 86' lang='grc' dir='ltr'>ἐς</span> <span class='ocrx_word' id='word_1_210' title='bbox 225 3291 290 3385; x_wconf 84' lang='grc' dir='ltr'>τήν</span> <span class='ocrx_word' id='word_1_211' title='bbox 309 3288 448 3386; x_wconf 79' lang='grc' dir='ltr'>ήπειρον</span> <span class='ocrx_word' id='word_1_212' title='bbox 467 3285 637 3360; x_wconf 84' lang='grc' dir='ltr'>ἀπίκοντο.</span> <span class='ocrx_word' id='word_1_213' title='bbox 682 3288 766 3359; x_wconf 84' lang='grc' dir='ltr'>κατὰ</span> <span class='ocrx_word' id='word_1_214' title='bbox 785 3287 846 3381; x_wconf 85' lang='grc' dir='ltr'>μὲν</span> <span class='ocrx_word' id='word_1_215' title='bbox 867 3289 911 3386; x_wconf 85' lang='grc' dir='ltr'>δὴ</span> <span class='ocrx_word' id='word_1_216' title='bbox 934 3286 1051 3387; x_wconf 81' lang='grc' dir='ltr'>Κᾶρας</span> <span class='ocrx_word' id='word_1_217' title='bbox 1064 3288 1157 3361; x_wconf 86' lang='grc' dir='ltr'>ὀότω</span> <span class='ocrx_word' id='word_1_218' title='bbox 1177 3287 1310 3390; x_wconf 83' lang='grc' dir='ltr'>Κρήτες</span> 
     </span>
    </p>
   </div>
   <div class='ocr_carea' id='block_1_4' title="bbox 278 3572 1309 3719">
    <p class='ocr_par' dir='ltr' id='par_1_7' title="bbox 278 3572 1309 3719">
     <span class='ocr_line' id='line_1_26' title="bbox 328 3572 1309 3652; baseline 0.001 -22"><span class='ocrx_word' id='word_1_219' title='bbox 328 3572 457 3648; x_wconf 74' lang='grc' dir='ltr'>Ἁρπάγου</span> <span class='ocrx_word' id='word_1_220' title='bbox 468 3576 583 3649; x_wconf 84' lang='grc' dir='ltr'>στρατεία</span> <span class='ocrx_word' id='word_1_221' title='bbox 595 3574 637 3630; x_wconf 76' lang='grc' dir='ltr'>ἐπὶ</span> <span class='ocrx_word' id='word_1_222' title='bbox 647 3572 738 3647; x_wconf 80' lang='grc' dir='ltr'>Κᾶρας</span> <span class='ocrx_word' id='word_1_223' title='bbox 751 3578 794 3631; x_wconf 80' lang='grc' dir='ltr'>καὶ</span> <span class='ocrx_word' id='word_1_224' title='bbox 807 3574 933 3637; x_wconf 82' lang='grc' dir='ltr'>Καυνίους</span> <span class='ocrx_word' id='word_1_225' title='bbox 945 3580 988 3632; x_wconf 84' lang='grc' dir='ltr'>καὶ</span> <span class='ocrx_word' id='word_1_226' title='bbox 1002 3576 1111 3639; x_wconf 81' lang='grc' dir='ltr'>Λυκίους</span> <span class='ocrx_word' id='word_1_227' title='bbox 1254 3581 1309 3652; x_wconf 84' lang='grc' dir='ltr'>περὶ</span> 
     </span>
     <span class='ocr_line' id='line_1_27' title="bbox 278 3640 1137 3719; baseline 0.002 -20"><span class='ocrx_word' id='word_1_228' title='bbox 278 3642 371 3717; x_wconf 77' lang='grc' dir='ltr'>Καρῶν</span> <span class='ocrx_word' id='word_1_229' title='bbox 382 3645 447 3704; x_wconf 85' lang='grc' dir='ltr'>τίνες</span> <span class='ocrx_word' id='word_1_230' title='bbox 459 3646 524 3715; x_wconf 80' lang='grc' dir='ltr'>ἦσαν</span> <span class='ocrx_word' id='word_1_231' title='bbox 536 3647 579 3698; x_wconf 83' lang='grc' dir='ltr'>καὶ</span> <span class='ocrx_word' id='word_1_232' title='bbox 591 3654 642 3698; x_wconf 79' lang='grc' dir='ltr'>τῶν</span> <span class='ocrx_word' id='word_1_233' title='bbox 655 3640 713 3718; x_wconf 79' lang='grc' dir='ltr'>παρ’</span> <span class='ocrx_word' id='word_1_234' title='bbox 725 3648 812 3706; x_wconf 86' lang='grc' dir='ltr'>αὐτοῖς</span> <span class='ocrx_word' id='word_1_235' title='bbox 825 3648 1002 3719; x_wconf 74' lang='grc' dir='ltr'>ἐξευρημάτων</span> <span class='ocrx_word' id='word_1_236' title='bbox 1014 3649 1057 3701; x_wconf 83' lang='grc' dir='ltr'>καὶ</span> <span class='ocrx_word' id='word_1_237' title='bbox 1070 3647 1137 3703; x_wconf 81' lang='grc' dir='ltr'>ἐθῶν</span> 
     </span>
    </p>
   </div>
   <div class='ocr_carea' id='block_1_5' title="bbox 177 3787 467 3796">
    <p class='ocr_par' dir='ltr' id='par_1_8' title="bbox 177 3787 467 3796">
     <span class='ocr_line' id='line_1_28' title="bbox 177 3787 467 3796; baseline 0 -1"><span class='ocrx_word' id='word_1_238' title='bbox 177 3787 401 3796; x_wconf 75' lang='lat'>----—.-—-....——</span> <span class='ocrx_word' id='word_1_239' title='bbox 446 3792 467 3795; x_wconf 93' lang='lat'>..</span> 
     </span>
    </p>
   </div>
   <div class='ocr_carea' id='block_1_6' title="bbox 223 3833 1304 4013">
    <p class='ocr_par' dir='ltr' id='par_1_9' title="bbox 223 3833 1304 4013">
     <span class='ocr_line' id='line_1_29' title="bbox 276 3833 1304 3943; baseline 0.006 -22"><span class='ocrx_word' id='word_1_240' title='bbox 276 3872 300 3921; x_wconf 78' lang='lat'>2.</span> <span class='ocrx_word' id='word_1_241' title='bbox 325 3833 479 3941; x_wconf 61' lang='lat' dir='ltr'>Soephafius</span> <span class='ocrx_word' id='word_1_242' title='bbox 497 3871 560 3942; x_wconf 79' lang='lat' dir='ltr'>Byz.</span> <span class='ocrx_word' id='word_1_243' title='bbox 581 3888 606 3924; x_wconf 83' lang='lat' dir='ltr'>v.</span> <span class='ocrx_word' id='word_1_244' title='bbox 626 3870 706 3931; x_wconf 78' lang='grc' dir='ltr'>Τέως.</span> <span class='ocrx_word' id='word_1_245' title='bbox 738 3900 771 3911; x_wconf 89' lang='lat'>·-</span> <span class='ocrx_word' id='word_1_246' title='bbox 805 3874 846 3926; x_wconf 77' lang='lat'>¹2.</span> <span class='ocrx_word' id='word_1_247' title='bbox 872 3872 916 3925; x_wconf 80' lang='grc' dir='ltr'>άτε</span> <span class='ocrx_word' id='word_1_248' title='bbox 935 3902 948 3913; x_wconf 90' lang='grc'><strong>-</strong></span> <span class='ocrx_word' id='word_1_249' title='bbox 969 3874 999 3924; x_wconf 82' lang='grc'>13</span> <span class='ocrx_word' id='word_1_250' title='bbox 1017 3874 1117 3943; x_wconf 73' lang='grc' dir='ltr'>πολλὴν</span> <span class='ocrx_word' id='word_1_251' title='bbox 1135 3874 1253 3929; x_wconf 73' lang='lat' dir='ltr'><strong>Thomas</strong></span> <span class='ocrx_word' id='word_1_252' title='bbox 1267 3876 1304 3928; x_wconf 86' lang='grc' dir='ltr'>Μ.</span> 
     </span>
     <span class='ocr_line' id='line_1_30' title="bbox 223 3938 817 4013; baseline 0.005 -23"><span class='ocrx_word' id='word_1_253' title='bbox 223 3956 251 4009; x_wconf 86' lang='lat' dir='ltr'>p.</span> <span class='ocrx_word' id='word_1_254' title='bbox 268 3942 310 3992; x_wconf 76' lang='lat'>74.</span> <span class='ocrx_word' id='word_1_255' title='bbox 332 3967 361 3978; x_wconf 92' lang='lat'><em>-</em></span> <span class='ocrx_word' id='word_1_256' title='bbox 384 3942 424 3992; x_wconf 81' lang='grc'>13.</span> <span class='ocrx_word' id='word_1_257' title='bbox 445 3939 599 4011; x_wconf 75' lang='lat' dir='ltr'><strong>Stephanus</strong></span> <span class='ocrx_word' id='word_1_258' title='bbox 611 3941 675 4011; x_wconf 83' lang='lat' dir='ltr'>Byz.</span> <span class='ocrx_word' id='word_1_259' title='bbox 691 3958 715 3994; x_wconf 89' lang='grc' dir='ltr'>ν.</span> <span class='ocrx_word' id='word_1_260' title='bbox 732 3938 817 4013; x_wconf 86' lang='grc' dir='ltr'>Καρία</span> 
     </span>
    </p>
   </div>
   <div class='ocr_carea' id='block_1_7' title="bbox 172 4111 1307 4595">
    <p class='ocr_par' dir='ltr' id='par_1_10' title="bbox 172 4111 1307 4595">
     <span class='ocr_line' id='line_1_31' title="bbox 226 4111 1307 4187; baseline 0.006 -25"><span class='ocrx_word' id='word_1_261' title='bbox 226 4113 249 4163; x_wconf 88' lang='grc'>1.</span> <span class='ocrx_word' id='word_1_262' title='bbox 269 4111 449 4181; x_wconf 81' lang='grc' dir='ltr'>κεκτήσθωΑ</span> <span class='ocrx_word' id='word_1_263' title='bbox 476 4114 488 4178; x_wconf 85' lang='grc' dir='ltr'>ΙΙ</span> <span class='ocrx_word' id='word_1_264' title='bbox 517 4115 542 4166; x_wconf 83' lang='grc'>2.</span> <span class='ocrx_word' id='word_1_265' title='bbox 564 4113 644 4183; x_wconf 85' lang='grc' dir='ltr'>μέσην</span> <span class='ocrx_word' id='word_1_266' title='bbox 657 4112 751 4184; x_wconf 69' lang='lat' dir='ltr'>steph.</span> <span class='ocrx_word' id='word_1_267' title='bbox 783 4117 795 4179; x_wconf 93' lang='grc' dir='ltr'>ΙΙ</span> <span class='ocrx_word' id='word_1_268' title='bbox 826 4116 850 4165; x_wconf 90' lang='grc'>3.</span> <span class='ocrx_word' id='word_1_269' title='bbox 871 4114 1027 4187; x_wconf 85' lang='grc' dir='ltr'>καθάπερΒ</span> <span class='ocrx_word' id='word_1_270' title='bbox 1050 4120 1061 4181; x_wconf 86' lang='grc' dir='ltr'>ΙΙ</span> <span class='ocrx_word' id='word_1_271' title='bbox 1085 4116 1114 4181; x_wconf 74' lang='lat' dir='ltr'>el}</span> <span class='ocrx_word' id='word_1_272' title='bbox 1131 4114 1179 4167; x_wconf 79' lang='lat' dir='ltr'>ol:</span> <span class='ocrx_word' id='word_1_273' title='bbox 1203 4118 1214 4181; x_wconf 85' lang='grc' dir='ltr'>ΙΙ</span> <span class='ocrx_word' id='word_1_274' title='bbox 1238 4114 1307 4169; x_wconf 77' lang='grc' dir='ltr'>οὗτοι</span> 
     </span>
     <span class='ocr_line' id='line_1_32' title="bbox 173 4178 1307 4256; baseline 0.004 -25"><span class='ocrx_word' id='word_1_275' title='bbox 173 4178 316 4234; x_wconf 79' lang='lat' dir='ltr'>Sebaefer=</span> <span class='ocrx_word' id='word_1_276' title='bbox 331 4180 398 4234; x_wconf 82' lang='grc' dir='ltr'>οὐτω</span> <span class='ocrx_word' id='word_1_277' title='bbox 422 4184 433 4247; x_wconf 75' lang='lat'>11</span> <span class='ocrx_word' id='word_1_278' title='bbox 462 4184 487 4233; x_wconf 80' lang='grc'>4.</span> <span class='ocrx_word' id='word_1_279' title='bbox 506 4183 646 4237; x_wconf 82' lang='grc' dir='ltr'>τοιᾶσδεΑ</span> <span class='ocrx_word' id='word_1_280' title='bbox 669 4186 681 4247; x_wconf 88' lang='grc' dir='ltr'>ΙΙ</span> <span class='ocrx_word' id='word_1_281' title='bbox 706 4186 729 4235; x_wconf 85' lang='lat'>5.</span> <span class='ocrx_word' id='word_1_282' title='bbox 750 4182 875 4236; x_wconf 62' lang='grc' dir='ltr'>δὲοαια</span> <span class='ocrx_word' id='word_1_283' title='bbox 898 4188 909 4250; x_wconf 79' lang='grc' dir='ltr'>ΙΙ</span> <span class='ocrx_word' id='word_1_284' title='bbox 933 4186 1050 4256; x_wconf 83' lang='grc' dir='ltr'>στρατίην</span> <span class='ocrx_word' id='word_1_285' title='bbox 1067 4186 1090 4237; x_wconf 78' lang='lat'><strong><em>0</em></strong></span> <span class='ocrx_word' id='word_1_286' title='bbox 1109 4188 1120 4250; x_wconf 81' lang='grc'>11</span> <span class='ocrx_word' id='word_1_287' title='bbox 1144 4188 1169 4237; x_wconf 83' lang='grc'>6.</span> <span class='ocrx_word' id='word_1_288' title='bbox 1190 4186 1307 4244; x_wconf 79' lang='grc' dir='ltr'>καυνίους</span> 
     </span>
     <span class='ocr_line' id='line_1_33' title="bbox 173 4246 1307 4321; baseline 0.005 -20"><span class='ocrx_word' id='word_1_289' title='bbox 173 4248 224 4300; x_wconf 70' lang='grc' dir='ltr'>Ριτ</span> <span class='ocrx_word' id='word_1_290' title='bbox 239 4246 416 4313; x_wconf 81' lang='grc' dir='ltr'>Καυκωνίους,</span> <span class='ocrx_word' id='word_1_291' title='bbox 431 4250 504 4321; x_wconf 83' lang='lat' dir='ltr'>quod</span> <span class='ocrx_word' id='word_1_292' title='bbox 516 4251 587 4304; x_wconf 82' lang='lat' dir='ltr'>idem</span> <span class='ocrx_word' id='word_1_293' title='bbox 600 4257 650 4305; x_wconf 70' lang='lat' dir='ltr'>Am</span> <span class='ocrx_word' id='word_1_294' title='bbox 679 4256 690 4316; x_wconf 91' lang='grc' dir='ltr'>ΙΙ</span> <span class='ocrx_word' id='word_1_295' title='bbox 725 4252 768 4303; x_wconf 82' lang='grc' dir='ltr'>καὶ</span> <span class='ocrx_word' id='word_1_296' title='bbox 780 4250 891 4311; x_wconf 82' lang='grc' dir='ltr'>Λυκίους</span> <span class='ocrx_word' id='word_1_297' title='bbox 904 4270 957 4305; x_wconf 87' lang='lat' dir='ltr'>om.</span> <span class='ocrx_word' id='word_1_298' title='bbox 974 4254 1010 4306; x_wconf 68' lang='lat' dir='ltr'>A!</span> <span class='ocrx_word' id='word_1_299' title='bbox 1043 4257 1054 4319; x_wconf 86' lang='grc' dir='ltr'>ΙΙ</span> <span class='ocrx_word' id='word_1_300' title='bbox 1089 4256 1113 4305; x_wconf 87' lang='grc'>9.</span> <span class='ocrx_word' id='word_1_301' title='bbox 1135 4250 1217 4318; x_wconf 84' lang='grc' dir='ltr'>Μίνω]</span> <span class='ocrx_word' id='word_1_302' title='bbox 1233 4250 1307 4307; x_wconf 86' lang='grc' dir='ltr'>Μίνω</span> 
     </span>
     <span class='ocr_line' id='line_1_34' title="bbox 173 4317 1301 4403; baseline 0.007 -36"><span class='ocrx_word' id='word_1_303' title='bbox 173 4334 199 4368; x_wconf 81' lang='grc' dir='ltr'>τε</span> <span class='ocrx_word' id='word_1_304' title='bbox 210 4317 236 4369; x_wconf 83' lang='lat' dir='ltr'>J.</span> <span class='ocrx_word' id='word_1_305' title='bbox 251 4317 403 4372; x_wconf 60' lang='lat' dir='ltr'><strong>Gronovius</strong></span> <span class='ocrx_word' id='word_1_306' title='bbox 416 4327 631 4403; x_wconf 73' lang='grc' dir='ltr'>ιαοιγυιιιυειιΑ</span> <span class='ocrx_word' id='word_1_307' title='bbox 657 4326 667 4387; x_wconf 82' lang='grc' dir='ltr'>ΙΙ</span> <span class='ocrx_word' id='word_1_308' title='bbox 694 4322 733 4371; x_wconf 81' lang='grc'>10.</span> <span class='ocrx_word' id='word_1_309' title='bbox 753 4321 796 4373; x_wconf 74' lang='grc' dir='ltr'>ἐπὶ</span> <span class='ocrx_word' id='word_1_310' title='bbox 809 4322 966 4391; x_wconf 81' lang='grc' dir='ltr'>μακρότατον</span> <span class='ocrx_word' id='word_1_311' title='bbox 981 4322 1100 4376; x_wconf 71' lang='lat' dir='ltr'><strong>Werfert</strong></span> <span class='ocrx_word' id='word_1_312' title='bbox 1115 4323 1272 4394; x_wconf 84' lang='grc' dir='ltr'>μακρότατον</span> <span class='ocrx_word' id='word_1_313' title='bbox 1299 4372 1301 4391; x_wconf 80' lang='grc'>,</span> 
     </span>
     <span class='ocr_line' id='line_1_35' title="bbox 175 4386 1307 4463; baseline 0.009 -28"><span class='ocrx_word' id='word_1_314' title='bbox 175 4388 213 4437; x_wconf 81' lang='grc'>12.</span> <span class='ocrx_word' id='word_1_315' title='bbox 234 4386 275 4457; x_wconf 67' lang='grc' dir='ltr'>δή]</span> <span class='ocrx_word' id='word_1_316' title='bbox 292 4388 365 4457; x_wconf 81' lang='grc' dir='ltr'>δὲδὴ</span> <span class='ocrx_word' id='word_1_317' title='bbox 381 4388 505 4451; x_wconf 70' lang='grc' dir='ltr'>οΡ’”,υέ</span> <span class='ocrx_word' id='word_1_318' title='bbox 535 4409 548 4442; x_wconf 81' lang='lat' dir='ltr'><strong><em>z</em></strong></span> <span class='ocrx_word' id='word_1_319' title='bbox 571 4394 583 4455; x_wconf 85' lang='grc' dir='ltr'>ΙΙ</span> <span class='ocrx_word' id='word_1_320' title='bbox 604 4408 633 4442; x_wconf 84' lang='grc' dir='ltr'>τε</span> <span class='ocrx_word' id='word_1_321' title='bbox 645 4407 728 4443; x_wconf 61' lang='grc' dir='ltr'>ουλε</span> <span class='ocrx_word' id='word_1_322' title='bbox 750 4393 761 4454; x_wconf 71' lang='lat' dir='ltr'>u</span> <span class='ocrx_word' id='word_1_323' title='bbox 790 4393 829 4441; x_wconf 75' lang='lat'>14.</span> <span class='ocrx_word' id='word_1_324' title='bbox 851 4390 1024 4458; x_wconf 70' lang='grc' dir='ltr'>δοκιμώτατον</span> <span class='ocrx_word' id='word_1_325' title='bbox 1037 4391 1131 4463; x_wconf 74' lang='lat' dir='ltr'>steph.</span> <span class='ocrx_word' id='word_1_326' title='bbox 1157 4398 1169 4459; x_wconf 79' lang='grc' dir='ltr'>ΙΙ</span> <span class='ocrx_word' id='word_1_327' title='bbox 1195 4394 1235 4445; x_wconf 82' lang='lat'>15.</span> <span class='ocrx_word' id='word_1_328' title='bbox 1256 4412 1307 4460; x_wconf 87' lang='grc' dir='ltr'>μα-</span> 
     </span>
     <span class='ocr_line' id='line_1_36' title="bbox 173 4408 1264 4533; baseline 0.008 -28"><span class='ocrx_word' id='word_1_329' title='bbox 173 4458 424 4527; x_wconf 70' lang='grc' dir='ltr'>ιιρῷλκαλμακρῷα</span> <span class='ocrx_word' id='word_1_330' title='bbox 459 4464 470 4524; x_wconf 87' lang='grc' dir='ltr'>ΙΙ</span> <span class='ocrx_word' id='word_1_331' title='bbox 508 4408 671 4531; x_wconf 65' lang='grc' dir='ltr'>ἐίεγένετοθ</span> <span class='ocrx_word' id='word_1_332' title='bbox 707 4463 719 4522; x_wconf 81' lang='grc' dir='ltr'>ΙΙ</span> <span class='ocrx_word' id='word_1_333' title='bbox 762 4461 802 4511; x_wconf 83' lang='lat'>18.</span> <span class='ocrx_word' id='word_1_334' title='bbox 823 4460 967 4529; x_wconf 75' lang='grc' dir='ltr'>σημεῖαΡα</span> <span class='ocrx_word' id='word_1_335' title='bbox 1008 4464 1019 4525; x_wconf 83' lang='grc' dir='ltr'>ΙΙ</span> <span class='ocrx_word' id='word_1_336' title='bbox 1060 4460 1264 4533; x_wconf 50' lang='grc' dir='ltr'>20.,έώθ·ησαντ</span> 
     </span>
     <span class='ocr_line' id='line_1_37' title="bbox 172 4524 591 4595; baseline 0.017 -20"><span class='ocrx_word' id='word_1_337' title='bbox 172 4524 327 4595; x_wconf 72' lang='grc' dir='ltr'>’γρέεσθαιό</span> <span class='ocrx_word' id='word_1_338' title='bbox 364 4532 375 4591; x_wconf 81' lang='grc' dir='ltr'>ΙΙ</span> <span class='ocrx_word' id='word_1_339' title='bbox 410 4530 451 4579; x_wconf 76' lang='lat'>23.</span> <span class='ocrx_word' id='word_1_340' title='bbox 472 4526 591 4586; x_wconf 78' lang='grc' dir='ltr'>οὐτωςΙ.</span> 
     </span>
    </p>
   </div>
   <div class='ocr_carea' id='block_1_8' title="bbox 0 0 1592 5092">
    <p class='ocr_par' dir='ltr' id='par_1_11' title="bbox 0 0 1592 5092">
     <span class='ocr_line' id='line_1_38' title="bbox 0 0 1592 5092; baseline 0 1"><span class='ocrx_word' id='word_1_341' title='bbox 0 0 1592 5092; x_wconf 95' lang='lat' dir='ltr'> </span> 
     </span>
    </p>
   </div>
  </div>
 </body>
</html>
