3175 5092
278 359 360 402 μιν
775 338 919 392 Praelatio.

280 512 427 607 quidem
446 513 558 584 altero
583 522 665 605 post
684 514 873 585 Christum
897 512 1042 586 saeculo
1066 514 1157 610 legit
1179 513 1413 608 incolumem)

279 637 306 710 Γ
328 641 388 712 89.
411 637 441 712 Ε
461 643 527 713 52:
550 651 616 715 aut
633 643 779 714 testium
798 645 870 715 fide
888 643 1103 736 aperiuntur
1119 643 1303 738 simulque
1322 645 1416 717 inte-

278 776 442 864 grantur,
468 778 511 842 ut
534 770 566 842 Β
588 771 671 842 158.
700 771 801 857 193,
827 771 887 843 vel
909 781 1005 844 certe
1029 771 1221 845 credibiles
1239 773 1348 858 fiunt,
1373 784 1416 846 ut

279 899 315 968 A
334 899 395 970 96.
424 897 538 971 Β65.
572 894 704 972 11162.
763 901 1063 992 transpositorum
1093 910 1217 973 eutem
1242 925 1415 974 versuum

279 1026 403 1098 videor
426 1026 519 1098 mihi
536 1037 680 1120 praeter
697 1024 724 1097 Δ
748 1028 832 1114 106,
859 1033 956 1122 quod
977 1031 1067 1103 vidit
1087 1027 1315 1122 Wesseling,
1341 1027 1415 1098 duo

279 1155 354 1226 alia
376 1156 657 1249 deprehendisse
682 1155 853 1250 exemplu
875 1152 905 1227 E
928 1158 986 1228 52.
1015 1153 1041 1227 Θ
1065 1158 1147 1230 137.
1206 1182 1293 1230 nam
1318 1157 1417 1250 quod

279 1287 452 1378 putabam
472 1284 558 1356 olim
577 1287 613 1356 A
635 1285 705 1357 196
733 1284 946 1358 traiectione
968 1286 1079 1357 unius
1096 1311 1221 1360 versus
1244 1285 1416 1358 interitu-

280 1438 350 1507 que
376 1413 525 1485 alterius
551 1416 757 1501 turbatum,
787 1439 887 1486 nunc
905 1415 1074 1509 perspexi
1097 1413 1416 1509 interpretamenti

190 1583 192 1587 v
280 1541 497 1635 expulsione
514 1539 657 1613 facilius
676 1542 853 1636 expediri.

381 1669 577 1765 Ereliquis
596 1679 719 1743 autem
737 1673 951 1744 mendomm
973 1645 1170 1767 generibus
1193 1670 1338 1744 nullum
1360 1679 1416 1743 est

279 1807 343 1870 aut
359 1797 469 1870 latius
488 1799 661 1871 diffusum
680 1808 744 1872 out
761 1799 950 1874 difficilius
964 1803 1011 1873 ad
1023 1802 1290 1895 perennandum
1305 1825 1415 1894 quam

280 1951 351 2022 quo
377 1929 499 2003 ionica
522 1931 697 2003 sermonis
721 1927 840 2002 forms
870 1955 894 2000 a
923 1930 1051 2002 nativa
1074 1932 1196 2024 specie
1220 1954 1263 2002 ac
1287 1953 1416 2001 norma

279 2059 522 2152 degeneravit.
568 2059 631 2130 sed
649 2059 680 2130 is
696 2057 799 2130 locus
817 2083 900 2131 cum
919 2060 1170 2155 gmvissimam
1186 2060 1298 2131 huius
1316 2061 1416 2153 quod
1457 2139 1462 2146 ¹

279 2188 503 2281 suscepimus
521 2187 660 2280 negotii
678 2187 865 2259 contineat
882 2199 1041 2282 purtem,
1066 2188 1261 2282 separatim
1285 2195 1324 2260 et
1347 2185 1416 2258 ali·

279 2323 416 2409 quanto
434 2314 652 2409 explicatius
670 2317 879 2388 tractandus
896 2325 962 2389 est.

692 2607 1001 2620 ———.--—————

381 2827 540 2902 Dialecti
559 2831 670 2917 enim,
689 2855 800 2925 quam
818 2833 1007 2905 nomin-are
1027 2833 1282 2906 consuevimus
1295 2831 1414 2903 Hero-

279 2961 434 3044 doteam‚
459 2959 529 3030 etsi
554 2967 637 3052 post
653 2959 837 3032 Dindorfii
859 2962 1094 3056 maximeque
1118 2961 1292 3034 Bredovii
1316 2985 1414 3032 com·
1526 3055 1531 3068 Ι

278 3089 519 3161 mentationes
550 3087 685 3160 laboris
716 3085 930 3183 fructusque
961 3088 1191 3183 plenissimus
1222 3115 1290 3163 nec
1322 3113 1413 3183 opus

277 3241 344 3290 nec
367 3207 497 3310 operae
522 3214 597 3289 fere
624 3217 767 3290 videtur
792 3226 905 3290 totam
929 3219 1119 3292 materiam
1144 3221 1266 3292 denuo
1282 3243 1414 3312 expro-

277 3369 375 3418 mere
420 3352 458 3417 et
499 3369 709 3439 percensere
752 3370 971 3441 omnemque
1008 3349 1186 3421 rationem
1225 3347 1413 3421 enucleate

277 3474 496 3568 disceptare,
522 3474 680 3547 breviter
705 3483 829 3549 tamen
853 3501 895 3548 nc
919 3477 1129 3549 summatim
1155 3479 1414 3571 exponendum

276 3625 353 3675 esse
383 3600 557 3697 intellego
588 3612 626 3676 et
656 3601 937 3691 defendendum,
970 3626 1065 3699 quae
1095 3605 1134 3678 in
1159 3607 1415 3679 constituenda

277 3733 576 3826 emendandaque
594 3730 652 3804 vel
670 3734 913 3806 communiter
932 3759 1018 3805 cum
1043 3733 1117 3806 illis
1135 3735 1194 3806 vel
1218 3737 1412 3830 separatim

275 3885 375 3933 nunc
405 3870 551 3934 secutus
582 3861 661 3933 sim.
722 3887 816 3956 quae
847 3862 1049 3957 disputatio
1080 3888 1165 3935 cum
1195 3863 1414 3958 explicanda
1496 3912 1498 3915 -
1571 3852 1572 3867 ¹

277 3989 481 4085 Archetypi
506 3988 629 4062 indole
654 3991 953 4064 coniunctissima
976 4001 1042 4064 est.
1105 4017 1192 4064 nam
1216 4017 1301 4066 cum
1326 4001 1411 4066 ante

275 4121 342 4192 hos
368 4116 444 4192 fere
469 4119 679 4213 quindecim
712 4145 827 4192 annos
851 4120 1009 4214 primum
1041 4122 1179 4216 agitare
1212 4122 1412 4216 coepissem

275 4248 406 4319 edendi
421 4247 600 4320 Herodoti
619 4247 824 4334 consilium,
842 4248 946 4321 nolui
964 4273 1090 4322 eorum
1103 4251 1240 4323 imitari
1258 4251 1412 4322 inertem

275 4376 504 4470 patientiam,
530 4378 594 4471 qui
618 4375 835 4450 tralaticium
860 4377 969 4452 istam
993 4380 1081 4452 inde
1105 4382 1151 4451 ob
1174 4367 1271 4451 Aldo
1295 4379 1414 4453 varie-

275 4515 387 4577 tatem
411 4505 585 4578 sermonis
609 4529 684 4579 non
709 4509 886 4580 auderent
910 4505 987 4580 ulla
1010 4509 1051 4580 in
1075 4517 1177 4604 parte
1196 4517 1412 4607 attemptare
