3175 5092
656 349 801 408 Praefatio.
1227 375 1300 422 χρη

270 525 330 598 28.
366 526 566 599 Vaticanus
591 527 673 610 122,
701 530 923 614 chartaceus,
950 529 989 603 in
1006 527 1085 618 101,
1110 555 1203 604 0000.
1222 532 1301 606 XV

165 651 226 724 vel
242 653 351 727 XVI.

271 783 330 854 29.
359 784 559 857 Vaticanus
577 785 686 874 1359,
700 787 1061 875 0501100000,111001.
1088 789 1210 884 ipsum
1222 790 1301 863 He-

162 911 335 984 rodotum
353 915 576 1007 praecedunt
594 913 769 986 λουκιανοῦ
786 918 863 1014 περὶ
879 916 1045 1014 ἡροδότου
1062 915 1136 1014 (101.
1151 918 1299 1014 1-31.)

164 1049 204 1110 et
221 1041 418 1113 summaria
435 1042 647 1116 brevissima
662 1067 795 1118 novem
812 1043 989 1117 librorum
1005 1043 1078 1140 (fol.
1096 1047 1118 1118 3
1134 1045 1195 1142 v.),
1214 1049 1302 1119 sub-

163 1179 371 1262 sequuntur
408 1179 531 1243 autem
567 1173 659 1245 haec
688 1170 1165 1273 101.4861;οημητρίου
1195 1173 1301 1272 duobis

163 1295 298 1450 καβάκη
328 1297 528 1398 οπορτιάτου
556 1302 610 1373 καὶ
634 1300 675 1400 βυ
656 1301 828 1382 υζουτίουε
856 1299 988 1399 ἐγράφη
1008 1300 1043 1374 ἐν
1062 1301 1235 1401 douo&
1234 1303 1301 1371 υῶ

163 1393 281 1549 χρόευω
306 1449 451 1550 deposco
477 1454 609 1550 τούρκοι
633 1454 847 1554 κατέλαβον,
881 1456 1012 1527 deinde
1044 1453 1116 1526 alia
1139 1455 1300 1529 eiusdem

162 1579 345 1652 Demetrii
364 1580 619 1654 semibarbara.

372 1709 558 1783 Veneti:

271 1829 331 1902 30.
374 1827 585 1902 Marcianus
621 1829 845 1915 CCCLXV,
883 1833 1115 1916 chartaceus,
1153 1834 1192 1905 in
1222 1829 1301 1919 fol,

165 1981 259 2028 saec.
279 1957 369 2034 XV.

270 2085 331 2157 31.
373 2086 582 2159 Marcianus
613 2087 859 2175 CCCLXVI,
891 2090 1124 2177 chartaceus,
1155 2091 1194 2161 iu
1224 2086 1302 2176 101,

165 2239 259 2288 saec.
278 2215 367 2289 XV.

373 2335 594 2408 Parisini:

271 2455 330 2527 32.
366 2455 609 2529 bibliothecae
633 2455 832 2551 imperialis
861 2456 973 2542 1634,
1001 2457 1231 2545 chartaceus,
1262 2458 1303 2529 in

165 2580 244 2670 101,
271 2583 450 2678 scriptura
467 2609 542 2656 non
559 2585 772 2680 ineleganti,
798 2587 862 2657 sed
878 2586 1019 2658 mendis
1043 2582 1210 2658 foedatus
1227 2609 1304 2658 ore-

166 2713 344 2786 berrimis.
390 2715 516 2788 finitur
532 2714 652 2787 hisce:
688 2713 885 2812 ἠποροῢοο
909 2711 1025 2814 βίβλος
1046 2712 1178 2812 ἐγράφη
1205 2712 1240 2785 ἐν
1257 2716 1309 2810 τῷ

168 2838 280 2939 ἄστρῳ
300 2840 354 2914 διὰ
370 2844 484 2942 χειρὸς
501 2841 584 2934 ἐμοῦ
602 2845 661 2913 τοῦ
680 2839 835 2921 εὐτελοὺς
853 2845 1095 2912 κυνοτουτίυου
1114 2839 1230 2937 ἱερέως
1248 2841 1303 2910 καὶ

168 2971 425 3067 χαρτοφύλακος
451 2973 585 3068 πίσσης,
614 2967 860 3065 ὑπορετούυτος
877 2966 912 3040 ἐν
931 2971 983 3063 τῷ
1004 2966 1168 3067 βασιλικῷ
1186 2967 1303 3065 κλήρῳ

168 3093 251 3168 κατὰ
269 3106 361 3198 μῆνα
380 3099 501 3168 lodvico
519 3103 582 3196 τῆς
600 3094 741 3194 δεκάτης
768 3093 969 3176 didascalicos
993 3100 1053 3166 τοῦ
1079 3094 1303 3192 ἑξοκιοχιλιο-
1416 3125 1419 3131 ·
1498 3099 1502 3104 ’

168 3229 249 3298 0τοῦ
265 3223 522 3299 taruanninsae
538 3222 768 3322 ὀγδοηκοστοῦ
783 3220 879 3304 ἔτους
893 3222 956 3318 (ε
968 3223 1064 3295 1372
1074 3247 1109 3318 p.
1121 3222 1234 3319 Oba).
1255 3221 1303 3318 (d)

274 3355 334 3426 33.
363 3354 526 3427 eiusdem
543 3350 787 3458 bibliothecae
807 3351 918 3434 2933,
935 3353 1158 3439 chartaceus,
1172 3349 1304 3437 111101,

168 3481 305 3556 saeculi
321 3482 430 3564 XVI,
450 3479 629 3576 pessimae
646 3488 765 3552 notae.
800 3479 896 3552 inest
913 3489 1057 3575 praeter
1073 3482 1305 3554 Herodotum

170 3611 315 3707 aliaque
351 3611 530 3707 quaedam
566 3607 690 3690 λεξικὸυ
726 3611 793 3679 τῶν
830 3608 1035 3706 ἡροδοτοίιον
1071 3607 1193 3689 λέξεων
1229 3607 1303 3705 (101

170 3739 269 3836 100-
318 3739 365 3834 (a

275 3867 334 3940 34.
362 3866 525 3940 eiusdem
541 3863 784 3938 bibliothecae
803 3864 913 3950 1405,
932 3866 1155 3947 chartaceus,
1174 3867 1214 3938 in
1226 3865 1303 3951 fol,

170 3993 434 4069 miscellaneae.
499 3995 678 4068 Herodoti
709 3993 806 4066 inest
835 3993 920 4065 libri
951 3994 1061 4089 primi
1092 4019 1176 4088 pars
1208 3994 1307 4090 prior

171 4149 286 4220 usque
312 4127 413 4197 ado.
436 4125 484 4197 86
511 4123 546 4204 ἐς
563 4121 683 4221 λόγους
701 4121 830 4206 ἐλθεῖν,
858 4147 953 4217 quae
975 4122 1053 4196 visa
1075 4130 1131 4196 est
1155 4149 1203 4196 ex
1226 4123 1307 4217 ipsa

171 4251 309 4325 Aldina
326 4253 546 4350 uanscripta
562 4275 651 4324 esse.

276 4381 336 4454 35.
373 4381 610 4476 Remigianus
642 4380 741 4474 apud
776 4377 1080 4474 Wesselingr'um,
1119 4379 1159 4452 in
1194 4377 1222 4450 Γ
1258 4381 1305 4454 70

174 4510 351 4582 desinens.

1080 4638 1098 4692 b
