3175 5092
288 369 396 414 χχχιν
785 346 930 402 Praefatio.

288 522 496 619 frequentia
527 523 639 596 semel
671 524 711 594 ni
742 521 852 595 fallor
881 520 921 617 (Δ
945 524 1015 595 lot
1040 521 1218 622 χρέωνται)
1242 523 1424 616 corrigere

290 654 482 747 antiquam
497 653 670 726 omiserit.

391 787 416 861 d
444 813 551 884 porro
581 791 743 861 codicem
774 790 873 882 quod
903 813 1013 883 supra
1043 789 1204 861 indicavi
1235 791 1282 860 ab
1313 789 1423 860 initio

289 941 406 1012 usque
431 921 477 989 ad
499 918 530 989 B
561 917 630 990 133
656 941 741 989 cum
766 917 804 988 R
827 914 964 1004 faeere,
990 917 1076 990 inde
1098 927 1222 989 autem
1252 915 1421 990 aB134

288 1071 372 1119 cum
395 1047 520 1133 ABG,
552 1047 604 1118 sic
629 1072 673 1118 ea
692 1071 750 1120 res
775 1047 1051 1140 interpretanda
1070 1054 1138 1119 eat.
1181 1046 1213 1117 is
1238 1044 1348 1131 liber,
1373 1071 1421 1117 ex

288 1199 360 1269 quo
378 1177 440 1247 hic
458 1176 573 1262 venit,
599 1199 682 1246 cum
704 1183 808 1268 parte
834 1175 1063 1262 schedarum,
1088 1199 1184 1268 quae
1208 1175 1422 1246 continebat

287 1306 408 1398 priora
420 1303 497 1390 illa,
511 1303 702 1376 mutilatus
715 1311 824 1389 esset„
838 1313 964 1396 postea
975 1328 1022 1375 ea
1034 1304 1174 1375 iactura
1185 1311 1353 1396 reparata
1364 1311 1422 1374 est

286 1457 333 1504 ex
353 1431 420 1504 tali
439 1431 610 1526 exemplo
636 1431 745 1525 quale
769 1457 870 1504 nuuc
885 1432 923 1503 R
945 1433 1119 1504 habetur:
1143 1433 1242 1526 quod
1259 1433 1357 1504 idem
1381 1433 1420 1502 in

287 1561 322 1632 B
346 1559 484 1633 sactum
503 1584 614 1654 supra
631 1563 929 1634 memoravimus:
961 1561 1125 1654 itemque
1146 1585 1231 1632 oum
1256 1561 1421 1632 animad-

286 1713 428 1763 versum
448 1698 545 1762 esset
562 1690 758 1761 desiderari
783 1691 964 1782 quaedam
984 1689 1025 1760 in
1049 1687 1145 1760 libro
1170 1691 1301 1782 primo,
1324 1713 1419 1781 quae

286 1820 445 1892 vidimus
461 1819 588 1890 dedita
605 1841 718 1911 opera
732 1841 811 1890 esse
828 1819 962 1902 recisa,
986 1818 1110 1911 coepit
1132 1818 1209 1890 sive
1232 1817 1332 1888 idem
1353 1817 1418 1911 qui

285 1955 406 2020 cetera
430 1947 506 2018 sive
529 1946 623 2018 aliua
646 1956 731 2040 post
755 1945 864 2016 illum
889 1947 929 2016 in
953 1947 1121 2039 margine
1139 1945 1325 2040 nupplere
1351 1969 1420 2018 nec

285 2085 408 2150 tamen
426 2076 465 2146 in
483 2099 528 2146 eo
545 2076 694 2169 negotio
710 2083 861 2168 propter
884 2074 1041 2146 nimium
1065 2074 1279 2146 lacunarum
1300 2074 1419 2146 ambi-

284 2215 363 2275 tum
378 2203 478 2274 ultra
496 2206 530 2274 A
547 2205 594 2274 79
613 2203 877 2296 perseveravit:
898 2202 1072 2297 suppleta
1089 2213 1212 2275 autem
1227 2205 1419 2297 postmodo

283 2334 334 2417 is,
358 2332 422 2425 qui
448 2355 554 2424 porro
580 2331 790 2423 descripsit,
815 2356 837 2402 e
862 2332 1027 2425 margine
1051 2333 1094 2403 in
1118 2355 1226 2404 suum
1251 2355 1418 2426 quaeque

282 2461 403 2531 locum
421 2461 596 2553 reposuit.
645 2459 685 2530 in
704 2459 784 2552 ipsa
802 2457 962 2532 lectione
982 2485 1049 2533 nec
1064 2461 1127 2532 hio
1144 2462 1257 2532 habet
1273 2470 1418 2555 praeter

283 2589 504 2681 paucissima
535 2589 730 2681 quicquam
761 2589 870 2674 boni,
909 2591 1042 2660 menda
1071 2613 1140 2660 aua
1169 2589 1346 2682 plurima,
1376 2590 1416 2659 in

282 2717 565 2788 correctionibus
611 2723 734 2788 autem
778 2725 859 2786 tum
897 2719 989 2788 duos
1031 2717 1103 2788 ΟΡ
1141 2725 1221 2790 tum
1257 2717 1415 2789 alterum

148 2849 150 2852 ’
282 2855 405 2916 utrum
422 2845 587 2916 comitari
605 2842 708 2916 solet.
751 2868 975 2938 quamquam
1000 2856 1089 2917 sunt
1109 2847 1220 2917 etiam
1240 2844 1415 2941 permulti

281 2972 354 3045 loci
375 2974 512 3066 quibus
541 2995 638 3044 unus
663 2997 746 3046 cum
772 2972 848 3044 AB
870 2971 991 3045 facere
1017 2974 1205 3060 videatur,
1228 2975 1305 3046 sive
1333 2975 1417 3068 ipsa

281 3103 432 3196 originis
450 3111 641 3186 vetustate,
668 3103 745 3174 sive
768 3105 866 3194 quod
884 3102 1225 3196 Schweighaeuseri
1242 3103 1355 3196 culpa
1369 3104 1415 3173 de

284 3231 317 3302 Ο
339 3231 440 3302 haud
464 3230 601 3325 ubique
626 3227 857 3323 exploratum
879 3238 945 3302 eat.
991 3255 1039 3302 ex
1064 3233 1145 3323 ipso
1170 3254 1280 3324 porro
1300 3230 1330 3302 d
1350 3233 1415 3302 de-

280 3359 456 3453 scriptum
471 3381 551 3430 esse
569 3361 754 3430 Venetum
772 3361 791 3432 b
810 3360 919 3430 oertio
944 3360 1233 3452 deprehenditur
1252 3359 1412 3430 indiciis.

281 3549 322 3608 ut
340 3541 377 3608 A
399 3539 469 3609 195
489 3535 638 3636 εἰρίνεον]
656 3499 809 3634 ἠρινᾶῖον
827 3537 861 3623 d,
885 3537 1051 3636 ήρινεαῖον
1069 3539 1099 3611 b.
1143 3539 1212 3610 196
1233 3536 1324 3633 οὐδὲ]
1341 3539 1359 3608 ὁ
1377 3536 1414 3608 δὲ

661 3680 675 3712 ν
694 3661 723 3714 dl

279 3733 346 3808 do.
367 3733 470 3804 ibid
488 3731 589 3830 χρῆν]
606 3735 675 3830 χρὴ
721 3737 837 3830 ,χρῆν
856 3736 886 3808 b.
923 3733 955 3804 Β
973 3735 1021 3806 62
1049 3732 1173 3828 κέεται]
1193 3739 1320 3806 καίεται
1344 3736 1411 3809 du.

282 3863 329 3934 93
348 3861 488 3958 λίμνῃσι
513 3884 583 3932 om.
603 3860 629 3932 d
645 3861 696 3954 (in
711 3870 878 3934 extrema
895 3861 1042 3956 pagiua)
1064 3865 1148 3936 eto.
1204 3861 1230 3932 Γ
1248 3864 1298 3934 60
1323 3861 1413 3959 ὑψη-

280 3988 356 4083 λοῦ]
370 3987 499 4087 ὄρυγμα
514 3986 647 4085 ὑψηλοῦ
659 3988 699 4060 d²
709 3990 750 4061 iu
764 4013 903 4076 rasura,
917 3991 1007 4062 item
1019 3993 1038 4064 b
1052 3989 1260 4062 etAldiua
1273 3989 1326 4084 (z).
1353 3987 1413 4064 vel

279 4139 355 4188 uno
368 4118 437 4188 hoc
450 4119 547 4210 quod
559 4126 766 4190 extremum
777 4118 886 4212 posui
896 4117 1067 4211 exemplo
1081 4117 1234 4212 planum
1247 4121 1300 4202 fit,
1315 4119 1414 4212 quod

279 4243 406 4318 multis
424 4246 561 4339 ubique
576 4255 719 4317 mnata
738 4247 894 4332 indiciis,
908 4246 1005 4318 Aldo
1018 4249 1142 4340 ipaum
1160 4250 1179 4320 o
1199 4272 1265 4340 pro
1278 4249 1414 4318 instru-
1457 4281 1463 4292 =

279 4381 404 4446 mento
436 4373 606 4444 editionis
632 4375 678 4444 ad
703 4399 856 4446 manum
880 4372 1010 4460 fuisse,
1035 4399 1113 4447 uon
1136 4373 1244 4446 illum
1266 4375 1412 4470 quidem

280 4501 400 4573 solum
419 4502 482 4574 sed
500 4524 584 4574 cum
602 4504 746 4574 duobos
766 4501 860 4589 aliis,
886 4503 951 4595 qui
976 4500 1080 4576 fuere
1104 4527 1146 4597 qa
1168 4513 1234 4576 aut
1257 4504 1329 4597 ipsi
1350 4512 1416 4574 aut
