3175 5092
280 345 338 388 τινι
777 327 923 383 Ρνοοῐοτίο.

382 499 456 572 26·
477 499 762 572 Mutinensis
788 503 839 572 ΙΙ.
866 502 917 574 Η.
947 504 987 589 6,
1017 503 1248 586 chartaceus,
1274 505 1314 576 in
1339 503 1416 591 fol„

279 651 372 698 saec.
391 628 480 699 XV.

483 755 809 850 Neapolitani:

382 886 442 957 21.
479 885 548 956 III.
570 884 612 956 B.
637 886 673 972 1,
698 887 959 980 bombycinus,
983 888 1022 959 iu
1048 913 1110 982 qu.
1155 888 1195 962 in
1219 891 1295 965 fine
1324 890 1417 963 hacc

277 1013 411 1108 scn'pto
434 1021 537 1086 sunt:
573 1011 754 1111 ἐτελειώθη
782 1017 819 1084 τό
845 1017 952 1114 παρόν
979 1013 1108 1116 βιβλίον
1134 1018 1215 1113 μηνὶ
1238 1017 1415 1114 αὐγούοτω

278 1123 470 1222 1νδικτίονος
495 1142 541 1240 γ”,
572 1140 668 1222 ἔτους
690 1125 795 1241 ινῙμη
829 1141 892 1237 (=
916 1169 948 1215 a.
972 1144 1069 1215 1440
1096 1144 1197 1240 Chr.)
1225 1142 1279 1216 διὰ
1302 1147 1416 1243 χειρός

276 1269 359 1363 ἐμοῦ
395 1268 532 1340 ἰωάννου
565 1270 720 1342 διακόνου
753 1272 808 1341 καὶ
844 1269 1098 1369 δευτερεύοντος
1129 1281 1191 1371 τῆς
1223 1271 1415 1370 ἁγιωτάτης

276 1396 519 1497 μητροπόλεως
537 1396 779 1491 λακεδαόρονος
797 1402 855 1467 τοῦ
874 1398 1098 1495 χανδαιτηνοῦ.
1122 1397 1181 1494 (d).
1222 1400 1415 1495 subsequi-

277 1517 337 1597 tur
362 1526 536 1596 continuo
561 1550 707 1597 carmen
733 1526 809 1598 sive
832 1525 1046 1602 vaticinium
1070 1528 1120 1614 de¹
1133 1528 1267 1599 Isthmi
1291 1529 1414 1600 muni-

276 1654 436 1725 tionibus
460 1653 831 1747 imprcssionibusque
857 1655 1110 1741 barbarorum,
1136 1655 1239 1727 cuius
1264 1658 1335 1729 hoc
1358 1667 1413 1728 est

274 1782 436 1854 initium:
464 1785 495 1851 τί
521 1781 627 1862 δίζεαι
651 1780 787 1875 μαθὲειν
813 1783 1102 1880 τριαινυκράτορος
1126 1782 1271 1881 αὐλοίης
1295 1783 1411 1881 ἕρκους

273 1911 360 2010 πέρι.
408 1911 506 2004 quod
524 1907 611 1980 olibi
629 1911 766 1982 edetur.

377 2041 438 2112 22.
466 2039 537 2110 III.
557 2037 600 2109 Β.
621 2038 658 2125 2,
676 2039 907 2124 chartaceus,
933 2038 973 2110 in
999 2062 1080 2132 qu.‚
1117 2063 1209 2111 saec.
1228 2041 1327 2113 XIV
1351 2038 1412 2111 vcl

272 2169 361 2241 XV.
398 2165 445 2262 (d)
1327 2168 1329 2171 ’

377 2295 437 2368 23.
467 2295 538 2366 III.
558 2293 601 2365 B.
623 2293 659 2380 3,
678 2294 902 2380 chartaceus,
920 2293 961 2366 in
980 2319 1055 2389 qu.‚
1075 2319 1166 2368 naec.
1187 2295 1295 2368 XVI.
1321 2295 1369 2391 (d)

377 2425 437 2494 24.
466 2423 537 2493 III.
558 2422 600 2492 B.
621 2423 658 2508 4,
676 2423 901 2508 chartaceus,
924 2423 965 2493 in
985 2432 1067 2504 oct,
1095 2447 1187 2496 sacc.
1209 2423 1318 2497 XVI.
1368 2424 1409 2494 in

271 2553 346 2624 fine
365 2554 473 2648 στίχοι
491 2551 631 2648 ἡρωϊκοί
647 2550 765 2622 cidem
785 2551 850 2645 qui
866 2550 906 2622 in
923 2550 1087 2622 Pmisino
1106 2545 1141 2646 η.

478 2679 686 2748 Romani:

375 2809 435 2879 25.
465 2803 653 2877 Palatinus
675 2807 759 2892 152,
777 2807 1031 2902 bombycinus,
1049 2805 1089 2878 in
1108 2815 1191 2894 oct,
1214 2831 1306 2880 socc.
1325 2809 1407 2880 XII

272 2934 331 3010 vel
346 2934 459 3006 XIII.
503 2933 600 3005 inest
624 2943 767 3027 practer
784 2936 886 3006 vario
902 2934 1068 3006 Philonis
1088 2935 1217 3010 Iudaei
1234 2945 1272 3008 ct
1292 2937 1406 3008 [sonci

271 3064 352 3160 Syri
369 3061 430 3134 sol.
446 3062 643 3134 193-237
659 3061 841 3134 Herodoti
855 3058 1036 3161 Καλλιόπη
1056 3063 1142 3134 inde
1156 3062 1276 3134 olibri
1287 3065 1407 3136 octavi

271 3191 390 3265 verbis
404 3189 542 3262 ultimis
557 3190 588 3259 ot
602 3188 662 3282 μὲν
677 3195 783 3261 ταῦτα
798 3187 1071 3288 ὑποκριναμένων
1083 3179 1275 3286 Ἀθηναίων
1293 3187 1404 3262 ἀπαλ-

271 3320 436 3393 λάσσοντο
454 3317 490 3398 ἐς
505 3315 674 3416 Σπάρτην,
689 3342 783 3412 quoe
804 3319 985 3390 antecedit
1001 3317 1219 3412 subscriptio
1240 3319 1404 3390 eiusdem

269 3447 354 3520 libn'
367 3445 637 3518 stichometrica
650 3441 888 3532 ΧΧΗΗΗΔΔ,
901 3446 942 3517 in
959 3447 1034 3519 fine
1052 3456 1176 3520 autem
1189 3447 1278 3519 noni
1295 3447 1402 3518 hacc:

271 3570 508 3678 Hponuiot
525 3552 738 3644 {CTOPIQN
764 3553 1006 3644 bxxflffllr.
1034 3573 1133 3669 (AB)

373 3703 434 3776 26.
463 3700 652 3774 Palatinus
674 3703 757 3776 176.
782 3702 1005 3781 chartaceus,
1031 3699 1162 3783 insol..
1192 3703 1290 3774 XVI
1307 3725 1400 3775 saec.

269 3830 532 3932 praescriptum
574 3839 632 3904 est
673 3828 829 3929 ἡροδότω
869 3828 970 3902 κλειὼ
1004 3828 1102 3929 χάριν
1138 3831 1274 3904 ὤπασεν
1311 3831 1401 3904 ἴστο-

291 3964 386 4036 ιάων.
416 3959 476 4057 (R)

269 3991 288 4064 ρ
372 4093 432 4164 27.
465 4087 653 4162 Palatinus
673 4090 759 4174 215,
785 4085 1009 4170 chattaeus,
1035 4085 1074 4159 in
1092 4096 1176 4173 oct,
1207 4086 1285 4160 XV
1307 4109 1399 4160 socc.

267 4221 448 4296 clauditur
471 4219 590 4292 hisce:
623 4214 743 4296 τὲλλος
768 4216 828 4298 ,σὺν
846 4214 917 4286 θεῶ
934 4213 1036 4311 άγίω·
1065 4213 1198 4313 ἐγράφη
1219 4207 1261 4288 δι’
1285 4214 1401 4296 ἐξόδου

266 4355 366 4450 κυροῦ
393 4347 532 4418 όωάννου
555 4347 690 4442 πριότου
717 4340 834 4440 ἱερέως
857 4349 919 4440 τῆς
944 4346 1072 4439 κρητης
1095 4316 1173 4412 τοῦ.
1186 4340 1399 4439 ουγιεονάκη·

266 4481 321 4551 καὶ
338 4477 440 4552 πόνος
459 4470 597 4542 όωάννυυ
616 4469 731 4567 ἱερέως
750 4472 809 4540 τοῦ
828 4471 977 4569 σηρίγω·
997 4471 1180 4564 οιπτευρόω
1204 4460 1249 4564 γ’
