3175 5092
269 339 313 382 XL
768 315 913 370 Praelatio.

271 518 313 564 as
331 492 563 578 confidentia,
583 491 634 562 sic
650 491 868 586 inscriptum
887 492 1025 564 ederet:
1047 478 1238 590 Ἡροδότου
1256 495 1406 591 ἱστορίης

272 617 436 701 ἀπόδεξις.
482 628 520 694 et
544 621 615 692 hoc
640 621 788 715 quidem
812 620 1065 716 nugatorium:
1098 622 1162 693 sed
1179 645 1227 694 ne
1243 621 1309 692 illa
1325 623 1406 715 qui-

270 751 353 821 dem
378 743 527 820 Μουσῶν
558 749 761 822 communis
791 748 990 844 appellatio
1020 749 1155 843 operis,
1191 773 1286 843 quae
1320 750 1406 823 inde

270 880 316 949 ab
335 877 495 949 Henrioo
513 877 702 973 Stephano
720 877 954 974 vulgabatur,
979 877 1097 950 ullum
1121 878 1235 950 habet
1259 879 1406 950 firmum

271 1006 512 1100 praesidium,
550 1006 621 1078 nisi
655 1005 748 1080 forte
783 1008 966 1080 firmitatis
1003 1007 1200 1103 quicquam
1229 1010 1405 1080 condedas

271 1135 402 1206 codicis
427 1135 562 1209 novicii
593 1135 746 1230 eiusque
773 1135 1018 1208 consimilium
1042 1136 1270 1230 inscriptioni
1294 1161 1404 1231 quam

271 1289 381 1359 supra
404 1264 509 1358 posui
533 1290 569 1359 p.
590 1265 670 1348 Xl,
704 1273 769 1336 aut
793 1265 926 1337 Suidae
952 1266 992 1336 in
1011 1251 1200 1363 Ἡρόδοτος
1225 1266 1406 1337 notationi

271 1391 507 1490 ἐπιγράφονται
533 1389 570 1462 δὲ
592 1393 623 1463 ot
649 1391 744 1490 λόγοι
769 1391 872 1464 αὐτοῦ
897 1387 1051 1476 Μοῦσαι,
1086 1394 1184 1465 unde
1209 1395 1405 1488 sumpsisse

270 1521 413 1593 videtur
443 1520 652 1614 Stephanus
686 1523 785 1616 quod
814 1522 954 1615 primns
984 1523 1166 1593 adstruxit
1195 1521 1218 1619 ἤ
1253 1524 1404 1620 ίστοριῶν

270 1648 362 1746 λόγοι
382 1645 423 1731 Θ,
451 1647 713 1747 ἐπιγραφόμενοι
736 1644 882 1721 Μοῦσαι.
929 1675 1014 1722 nam
1038 1649 1105 1722 illa
1128 1650 1284 1722 Luciani
1310 1643 1403 1746 ᾅδων

268 1773 327 1856 τὰς
345 1776 492 1873 ἱστορίας
511 1780 565 1848 καί
583 1777 697 1875 κηλῶν
723 1777 803 1856 τοὺς
824 1779 991 1874 παρόντας
1015 1775 1095 1876 ἄχρι
1112 1783 1171 1848 τοῦ
1190 1780 1244 1850 καὶ
1263 1773 1405 1857 Μούσας

270 1902 440 2002 κληθῆναι
467 1901 525 1985 τὰς
550 1904 687 2006 βίβλους
716 1903 837 1988 αὐτοῦ,
870 1903 966 1976 ἐννέα
998 1907 1052 1978 καί
1083 1905 1187 1986 αὐτὰς
1217 1905 1322 1986 οὔσας
1352 1904 1405 2000 (ΙΙ

268 2057 303 2126 p.
318 2031 391 2104 833
411 2031 527 2128 Reiz.)
546 2043 583 2105 et
602 2033 689 2131 δρῶν
710 2031 855 2125 μάλιστα
869 2031 1129 2126 θαυμαζόμενον
1147 2035 1202 2105 τὸν
1217 2020 1404 2130 Ἡρόδοτον

269 2157 347 2258 ἄχρι
365 2164 424 2232 τοῦ
443 2161 498 2230 καὶ
513 2154 655 2240 Μούσας
673 2159 842 2259 κληθῆναι
867 2159 970 2231 αότοό
993 2157 1035 2232 τὰ
1055 2159 1169 2261 βιβλία
1194 2159 1247 2256 (ΙΙ
1272 2187 1307 2256 p.
1330 2159 1404 2255 55),

268 2287 504 2362 manifestum
530 2297 684 2362 estnon
711 2290 757 2360 ad
781 2312 1013 2362 communem
1038 2289 1162 2384 potius
1185 2299 1250 2362 aut
1270 2290 1404 2362 rectius

269 2419 435 2489 omnium
461 2442 571 2512 quam
597 2420 644 2490 ad
669 2417 899 2513 singulorum
916 2417 1094 2490 librorum
1116 2419 1407 2522 cognominatio-¹

268 2571 353 2622 nem
383 2543 519 2619 referri.
583 2545 731 2642 singula
761 2554 886 2619 antem
916 2547 1108 2619 Musarum
1144 2549 1297 2620 nomina
1330 2572 1404 2642 quo

267 2675 427 2770 primum
446 2683 608 2770 tempore
628 2675 751 2748 addita
776 2675 852 2748 sint
876 2700 951 2748 non
969 2699 1122 2770 quaero:
1157 2675 1253 2748 illud
1279 2677 1406 2771 quaeri

267 2811 401 2898 potest,
411 2803 545 2876 satisne
556 2812 654 2877 reete
667 2829 712 2876 ea
722 2804 984 2878 eumBekkero
996 2803 1200 2878 abieoerim.
1219 2805 1405 2899 subscrip-

268 2932 432 3004 tionibus
450 2933 566 3004 additi
582 2929 684 3006 fuere
702 2933 743 3004 in
756 2933 970 3028 Archetypo
984 2931 1213 3028 singulorum
1226 2933 1403 3006 librorum

267 3061 411 3133 numeri
424 3085 605 3134 versuum.
638 3087 685 3134 ex
698 3061 750 3134 eis
764 3060 887 3132 inAB
899 3085 1000 3133 nune
1011 3059 1147 3156 reliqui
1159 3071 1247 3137 sunt
1259 3065 1402 3136 numeri

268 3189 447 3262 librorum
465 3187 503 3262 Δ.
520 3186 560 3262 Ε.
577 3187 614 3261 Θ.
632 3187 655 3272 l,
677 3215 719 3261 ac
736 3187 888 3262 fortasse
905 3215 953 3262 ne
971 3189 1012 3261 in
1028 3189 1094 3261 illo
1112 3191 1261 3285 quidem
1279 3191 1403 3286 plures

266 3317 387 3390 relicti
406 3327 522 3406 erant,
549 3342 623 3413 qua
639 3318 786 3390 raritate
804 3317 976 3390 effectum
994 3319 1137 3390 videtur
1157 3321 1257 3392 utin
1276 3320 1404 3394 ueteris

267 3446 538 3542 exemplaribus
572 3455 610 3518 et
632 3446 735 3541 ipsae
763 3446 940 3540 reliquiae
965 3447 1230 3521 omitterentur.
1283 3450 1404 3543 quisi

266 3574 375 3646 hodie
395 3581 626 3669 superessent
651 3599 788 3658 omnes,
815 3576 1033 3648 haberemus
1057 3578 1156 3650 unde
1182 3578 1227 3650 de
1252 3577 1404 3672 integri-

267 3711 342 3776 tate
361 3704 482 3798 operis
500 3704 681 3778 rationem
699 3704 976 3776 institueremus
998 3705 1099 3777 haud
1123 3705 1400 3778 infructuosam.

264 3833 415 3931 lacunas
429 3833 529 3906 enim
546 3835 673 3906 breves
691 3833 754 3906 hic
771 3843 815 3906 ut
832 3833 1034 3922 mittamus,
1052 3835 1093 3906 in
1109 3835 1339 3930 Angelieano
1358 3837 1404 3906 ad

266 3958 291 4032 Θ
322 3963 389 4034 121
418 3961 510 4034 haee
535 3962 576 4034 in
599 3963 765 4057 margine
790 3963 926 4056 scripta
949 3971 1038 4034 sunt
1062 3964 1108 4034 ab
1134 3965 1216 4058 ipso
1240 3964 1403 4050 librario,
1443 3989 1447 3997 ·

265 4091 429 4164 derivata
460 4099 582 4164 autem
614 4092 716 4164 haud
746 4090 858 4164 dubie
889 4115 936 4163 ex
968 4089 1014 4162 Ως
1051 4090 1203 4164 λείπουσι
1228 4096 1336 4189 στίχοι
1367 4094 1400 4164 i.

266 4221 363 4313 quod
392 4222 572 4314 quomodo
597 4219 711 4294 latere
743 4219 906 4314 potuerit
929 4220 1098 4293 homines
1127 4223 1252 4294 doctos
1276 4245 1403 4294 omnes

264 4373 340 4422 non
371 4349 557 4437 mirabile,
589 4375 672 4422 eum
704 4348 770 4422 illo
800 4349 881 4443 ipso
911 4350 1058 4421 demum
1088 4349 1171 4422 loeo
1197 4360 1404 4423 resumatur

265 4475 371 4552 filum
408 4445 627 4552 narrationis
658 4479 847 4574 paulisper
876 4478 1125 4551 intermissum
1159 4504 1227 4553 nee
1263 4480 1402 4575 requiri
