3175 5092
674 343 818 402 Preelatio.
1231 363 1316 409 xm

176 527 366 618 πενταχοῦ,
409 524 480 596 126
509 517 615 620 ἀρχῇ]
644 523 788 618 ταραχῇ.
852 517 880 590 Δ
908 519 952 590 51
987 516 1135 617 ἔρχεται]
1163 518 1312 618 ἄρχεται,

181 651 253 724 138
273 649 441 748 Στρατίης
458 649 519 724 vel
537 647 734 748 Στραττίης]
753 645 914 746 Στράττις
931 643 989 742 (cf.
1011 641 1036 716 θ
1064 645 1157 743 132),
1176 647 1315 721 ibidem

177 775 350 872 Αἰακίδας]
369 773 501 876 Αἰάκης
524 775 580 872 (cf.
602 775 628 848 Z
650 777 709 850 13.
730 776 811 871 25),
847 775 917 847 140
936 774 980 870 ot]
1005 771 1077 858 οἶα,
1115 777 1185 848 172
1214 775 1314 874 ηάλα]

174 905 232 976 ἐπὶ
260 903 357 1002 ηάλα.
414 903 511 978 1120
531 899 711 999 Μακεδών]
731 898 954 985 Μακεδόνων,
977 903 1044 975 92η
1063 902 1172 976 ούκιυν
1197 903 1240 1001 ἢν
1264 906 1312 1002 μὴ

172 1032 369 1131 παύσησθε]
383 1031 493 1106 ούκιυν
507 1033 687 1114 παύσεσθε,
707 1029 737 1102 Η
754 1032 829 1104 219
846 1029 916 1124 ἅμα
932 1029 1003 1128 ἠοῖ]
1020 1030 1090 1124 ἅμα
1108 1028 1151 1112 οἶ,
1168 1041 1233 1104 aut
1248 1059 1313 1105 ex·

172 1160 275 1254 pulit
299 1161 450 1234 aliunde
475 1158 674 1236 invectas
703 1161 786 1234 126.
846 1159 936 1253 quid
968 1161 1066 1253 quod
1097 1161 1192 1233 vidit
1222 1160 1312 1234 olim

173 1315 270 1383 quae
288 1299 417 1384 postea
433 1291 551 1364 critici
565 1288 708 1364 nobiles
721 1290 856 1362 vidisse
869 1288 941 1362 sibi
956 1289 1066 1382 primi
1081 1289 1312 1376 videbantur,
1440 1333 1443 1336 ·

172 1417 279 1492 velut
297 1416 324 1490 Γ
346 1423 367 1491 7
386 1417 553 1513 ἕλξαντες]
571 1417 739 1500 σάξαντες,
764 1419 813 1490 bb
833 1420 882 1514 μη
902 1415 975 1511 μὲν]
994 1421 1043 1514 μή
1063 1443 1129 1510 μιν,
1150 1414 1177 1488 Δ
1198 1421 1220 1491 5
1237 1418 1310 1513 τού]

171 1553 255 1629 τῶν,
286 1547 334 1619 78
354 1545 455 1643 αύτη]
474 1545 560 1644 αὐτη
587 1571 671 1618 oum
695 1545 866 1630 Reiskio,
902 1541 929 1614 Δ
957 1546 1005 1617 79
1031 1545 1156 1640 κάτιστ]
1179 1547 1310 1618 κατεῖσε

171 1697 258 1746 cum
284 1675 549 1762 Valckenario,
586 1671 613 1745 Γ
639 1675 687 1747 68
720 1670 947 1767 ἀνιστάμενος]
980 1671 1194 1768 ἐνιστάμενος
1226 1698 1312 1762 curn

169 1807 339 1898 utroque,
360 1800 387 1874 Γ
407 1805 454 1877 69
473 1801 529 1900 ἢν]
548 1801 577 1874 εί
594 1826 678 1875 oum
692 1798 899 1886 Sohaefero,
918 1797 1007 1874 z87
1025 1800 1209 1899 πεντήρης]
1227 1828 1309 1874 πεν-

21 1921 25 1932 '
169 1935 305 2030 τετηρίς
339 1955 423 2004 eum
453 1931 707 2004 Schoemanno
740 1930 918 2024 opusc]
945 1955 981 2023 p.
1004 1929 1089 2001 315.
1151 1955 1308 2025 cumque

59 2134 63 2140 ,
168 2059 346 2130 orationis
376 2060 608 2134 Herodote'ae
641 2059 886 2154 proprietates
919 2059 960 2130 in
996 2057 1124 2152 paucis
1159 2056 1308 2132 calleret

166 2187 360 2282 multaque
386 2211 433 2260 ex
458 2189 592 2260 intima
616 2189 696 2260 eius
721 2184 846 2260 indole
866 2185 1053 2259 subtiliter
1070 2189 1306 2274 observasset,

168 2315 318 2411 aerique
336 2317 474 2390 iudicio
492 2315 701 2412 exquireret
727 2315 817 2410 quid
834 2316 881 2386 ad
899 2313 1201 2408 aequabilitatem
1220 2341 1307 2388 oon-

167 2446 468 2540 venientiamque
491 2445 668 2518 sermonis
692 2444 969 2528 desideraretur,
994 2443 1035 2514 in
1054 2420 1163 2516 omni
1172 2469 1305 2538 genere

167 2575 437 2646 emendationis
456 2574 576 2646 effecit
593 2573 694 2645 haud
712 2573 849 2666 exigua
866 2595 1032 2658 numero,
1052 2572 1186 2665 quibus
1206 2573 1304 2646 nihil

165 2698 242 2774 iere
275 2705 322 2774 ad
346 2702 509 2776 veritatis
535 2699 797 2796 perlectionem
822 2701 945 2773 deesse
970 2701 1137 2773 videatur
1162 2711 1306 2795 praeter

166 2831 289 2924 ipsam
306 2833 563 2904 necessitatem
582 2830 812 2904 emendandi.
862 2829 1067 2902 cuiusmodi
1092 2838 1180 2902 sunt
1201 2828 1305 2903 velut

166 2959 270 3045 haec,
286 2983 380 3054 quae
394 2986 414 3032 e
427 2961 557 3055 grandi
575 2982 728 3032 numero
746 2960 918 3051 decerpta
929 2955 1026 3030 infra
1037 2959 1155 3052 posui.
1184 2951 1213 3026 A
1231 2960 1302 3032 102

166 3087 226 3158 tirio
245 3089 300 3160 καὶ
317 3071 432 3184 ε1κοσι]
451 3087 512 3160 δύο
530 3112 566 3159 τε
585 3089 639 3158 καὶ
658 3088 769 3168 εἴκοσι,
801 3081 832 3157 Β
855 3086 926 3158 1118
945 3073 1195 3186 Ἑρμοτυβίων]
1216 3073 1302 3184 Ἕρ-

167 3215 335 3316 μυτυβίιυν
355 3213 462 3300 ἄλλοι,
485 3213 510 3287 Γ
533 3217 573 3287 11
597 3213 687 3309 τούς]
705 3216 853 3297 τούτους,
878 3215 923 3285 12
939 3211 1163 3311 διαρρήξειας]
1181 3211 1300 3313 διαρά·

166 3343 263 3425 Εειας,
289 3345 334 3416 14
348 3343 483 3439 πάντες]
501 3343 653 3441 πατέρες,
677 3343 721 3415 31
741 3339 955 3444 βασιληίους]
969 3339 1165 3441 βασιληίους
1179 3341 1300 3414 καλεο-

166 3473 296 3565 μένους,
321 3469 348 3542 Δ
368 3473 390 3545 3
410 3471 552 3570 ἐτράφη]
571 3469 756 3569 ἐπετράφη,
780 3472 827 3542 16
846 3467 954 3564 ἔθεσι]
970 3467 1081 3568 ἤθεσι,
1107 3468 1178 3541 189
1195 3469 1301 3569 κάρτα

164 3597 226 3698 γὰρ
251 3601 359 3698 ταύτη
385 3601 551 3698 χρέωνται
579 3597 692 3680 καλῶς
716 3598 750 3669 αί
768 3595 947 3697 Λίβυσσαι]
974 3596 1080 3696 κάρτα
1105 3595 1168 3694 γάρ
1191 3599 1298 3695 τσύτη

164 3727 331 3826 χρέωνται
349 3729 383 3798 σί
403 3725 567 3828 Λίβυσσαι
585 3728 639 3797 καὶ
658 3723 823 3826 χρέωνται
841 3724 962 3807 καλῶς,
984 3719 1013 3795 E
1029 3724 1073 3796 91
1094 3721 1300 3818 ἀπικόμενοι]

164 3852 351 3950 ἀκεόμενοι,
380 3851 412 3926 Η
433 3856 480 3928 53
500 3852 712 3948 ἀποστείλας]
738 3850 919 3934 ἀπολύσας,
945 3849 1026 3925 153
1050 3846 1143 3924 ταῦτ’
1166 3848 1299 3924 ἀναινο-

165 3982 277 4078 μένου]
300 3988 406 4055 ταῦτα
427 3982 628 4076 νενωρένου.
670 3981 788 4054 multo
813 3982 926 4056 etiam
948 3979 1057 4074 plura
1077 3980 1300 4076 excogitavit

164 4135 235 4184 non
264 4112 343 4185 veri
375 4110 514 4183 similia
538 4110 606 4183 illa
636 4112 784 4205 quidem
813 4108 877 4182 sed
901 4119 1026 4183 tamen
1051 4109 1173 4203 specie
1197 4109 1298 4180 haud

163 4238 411 4336 improbabili,
437 4238 541 4314 velut
559 4237 655 4312 illud
673 4239 812 4334 insigni
838 4237 992 4310 audacia
1013 4237 1045 4309 B
1068 4238 1138 4310 176
1157 4241 1216 4307 τοῦ
1235 4233 1297 4306 αὐ,

162 4378 217 4444 τού
242 4372 358 4450 ἐύντος
383 4366 493 4462 λίθου]
513 4363 710 4440 Αἰθιοπικοῦ
732 4365 847 4446 ἐόντος
870 4364 976 4449 λίθου,
1004 4366 1102 4459 quod
1120 4366 1240 4436 adhuc
1257 4366 1298 4436 in

159 4501 386 4576 editionibus
404 4495 608 4590 legebatur.
656 4505 743 4568 sunt
764 4502 964 4588 praeterea,
987 4517 1035 4564 ne
1052 4493 1144 4586 quid
1169 4491 1298 4564 lauda-
