3175 5092
669 355 814 412 Praefatio.
1243 375 1312 420 xxv

177 531 275 606 infra
291 533 494 628 composita
511 533 834 618 consideraverint,
855 533 909 605 ita
925 531 1027 604 haud
1044 555 1168 604 vereor
1185 555 1233 605 ne
1251 533 1312 603 cui

178 663 338 736 saevisse
376 663 416 734 in
454 660 602 734 laudem
638 661 741 734 illius
771 662 907 746 videar,
938 662 1038 754 quod
1067 660 1221 733 iuventa
1252 659 1311 732 vel

175 791 300 886 sprevi
326 789 386 864 vel
410 784 464 864 'ex
490 789 560 863 hac
591 813 701 884 quam
726 791 814 864 inde
846 791 893 862 ab
918 788 1058 862 Aldina
1089 813 1312 882 occupavere

177 921 263 992 sede
282 918 414 1014 expuli
432 927 576 1014 praeter
593 943 711 1013 pauca
729 917 864 992 omnia.
904 917 1111 990 laudandus
1130 926 1254 990 autem
1272 919 1312 990 in

175 1048 305 1144 primis
332 1057 389 1122 est
406 1048 505 1141 quod
527 1047 676 1120 ionismi
702 1047 860 1120 nitorem
886 1048 928 1120 in
944 1047 1101 1120 vetustis
1124 1045 1311 1140 exempla-

174 1178 291 1264 ribus,
309 1184 353 1248 ut
370 1199 482 1270 supra
498 1177 709 1262 memoravi,
724 1178 958 1250 obscuratum
971 1174 1155 1270 reparavit
1172 1176 1313 1249 curiose

174 1313 287 1400 atque
306 1305 347 1376 in
365 1303 565 1378 levioribus
583 1304 713 1378 saltem
726 1301 895 1390 feliciter,
908 1306 972 1378 sed
985 1304 1199 1376 assiduitate
1213 1305 1313 1377 haud

174 1458 240 1528 per
266 1435 391 1506 omnia
416 1434 508 1527 pari.
562 1442 605 1506 ut
629 1434 665 1506 A
691 1425 856 1531 δἈργοϊ,
889 1433 934 1504 14
959 1427 1095 1529 (lintei,
1124 1432 1169 1504 31
1200 1432 1309 1532 ὁρτῆς,

179 1563 263 1634 179.
283 1557 560 1659 185Εὐφρήιης,
583 1561 651 1634 111
669 1562 887 1644 κατεστεῶτα,
909 1562 983 1634 208
999 1559 1092 1642 κατά,
1112 1560 1220 1634 Β86.
1241 1561 1312 1634 149

175 1691 270 1770 αὖτις
297 1689 533 1784 (quamquam
561 1691 659 1762 idem
686 1691 721 1760 A
750 1688 823 1762 186
852 1692 1067 1786 παραιτὴκην
1096 1687 1312 1782 perperam),

179 1820 251 1890 174
284 1816 462 1915 ἐπιτήδεα,
503 1819 573 1890 178
605 1815 767 1898 τουτέων,
808 1814 884 1889 Γ8
923 1821 1032 1897 πίστις
1069 1825 1108 1890 et
1141 1815 1309 1913 ποιέηται,

179 1947 251 2019 134
275 1944 376 2028 δέξαι,
408 1945 479 2017 135
501 1944 760 2042 πολλαπλήσια;
795 1969 1018 2039 quamquam
1042 1970 1090 2017 ne
1114 1943 1206 2018 talia
1229 1946 1314 2035 qui-

175 2077 258 2146 dem
283 2073 408 2146 omnia
430 2073 568 2168 ubique
593 2074 842 2168 perpurgavit.
889 2073 987 2146 idem
1011 2073 1082 2145 etsi
1104 2073 1218 2147 semel
1243 2075 1313 2146 ite

173 2225 331 2296 rumque
356 2203 556 2296 extirpavit
580 2202 735 2288 ficticia,
762 2201 867 2274 velut
891 2205 1012 2299 μοίρην
1038 2203 1073 2274 Α
1101 2203 1171 2288 91,
1201 2201 1312 2298 longe

175 2341 301 2404 tamen
329 2329 438 2424 plura
461 2330 612 2404 novavit
643 2329 704 2404 vel
733 2329 1176 2425 praetermeantem,
1206 2333 1313 2405 utin

175 2459 348 2556 prosodia
371 2457 498 2558 ἐρῆμος
516 2456 650 2551 ἑτοῖμος
673 2456 790 2550 ὁμοῖος
819 2457 1162 2552 properispomena,
1193 2456 1312 2540 Νεκώς

175 2585 295 2669 Σεθώς
317 2584 435 2684 deputa
459 2586 605 2681 aliaque
633 2585 842 2658 consimilia
864 2595 1044 2682 oxytona,
1080 2584 1312 2658 Παλαιστινῶι

176 2714 217 2808 (Γ
232 2714 266 2810 5)
287 2716 400 2788 etiam
419 2723 562 2810 praeter
579 2716 759 2789 rationem
778 2713 862 2810 (vid.
882 2714 930 2788 G.
944 2711 1109 2788 Dindorf
1122 2715 1310 2809 Epiphan.

175 2841 328 2940 praefat.
360 2868 396 2938 p.
425 2844 522 2916 VIII
551 2842 636 2939 sq.):
674 2841 734 2916 vel
767 2867 915 2938 prorsus
943 2853 1079 2918 temere
1112 2869 1156 2916 ae
1186 2853 1314 2916 eontra

174 2972 295 3068 legem
328 2997 370 3044 ao
400 2973 704 3044 consuetudinem
739 2973 771 3044 si
806 2973 930 3047 minus
967 2974 1184 3068 scriptorum
1217 2972 1313 3044 ioni-

175 3125 300 3174 corum
318 3109 470 3174 atcerte
489 3100 663 3176 orationis
681 3100 926 3186 Herodoteae,
952 3125 1046 3195 quae
1065 3101 1199 3195 partim
1217 3099 1314 3174 infra

177 3253 243 3303 suo
268 3229 432 3324 quidque
457 3227 537 3301 loco
562 3226 794 3316 refellentur,
826 3229 889 3303 hic
913 3229 1109 3323 potissima
1133 3233 1311 3327 quaedam

175 3359 215 3430 in
234 3365 436 3452 conspectu
452 3381 608 3451 ponam:
636 3357 736 3452 οὖρος
753 3355 952 3450 οὐνομάζειν
967 3355 1181 3454 Ψαμμίτιχος
1197 3357 1311 3456 Συρη-

176 3487 304 3558 κούοιοι
316 3485 463 3580 passim,
470 3485 624 3582 Εοιιφορή
636 3485 753 3582 (A32)
763 3494 888 3557 autem
902 3485 1121 3586 Ευιεβάλοντο
1135 3485 1311 3578 ξομπτσεῖο

175 3613 323 3708 aliaque
336 3613 548 3686 huiusmodi
562 3613 723 3686 maxime
737 3638 804 3708 per
816 3612 931 3686 libros
945 3609 975 3686 E
989 3611 1016 3686 Ζ
1031 3610 1076 3699 Η,
1090 3638 1313 3708 quamquam

175 3767 221 3816 ne
239 3742 294 3815 ibi
312 3734 462 3837 quidem
480 3742 618 3837 ubique
637 3750 675 3816 et
692 3749 914 3818 constanter.
950 3742 992 3814 in
1008 3744 1203 3815 verborum
1221 3764 1313 3833 quo-

175 3895 245 3965 que
270 3869 517 3945 declinatione
545 3872 692 3944 tametsi
717 3867 847 3944 fortius
873 3869 1065 3967 aliquanto
1088 3893 1166 3944 rem
1186 3870 1312 3965 gessit,

175 3998 283 4096 longe
318 3997 414 4072 afuit
443 4023 466 4072 a
496 4008 676 4094 perpetua
706 4001 752 4072 ad
776 4008 892 4072 certas
916 3998 1017 4094 leges
1043 3999 1310 4082 emendatione.

175 4131 284 4202 verba
301 4128 402 4201 enim
421 4127 565 4217 aliquot
589 4128 629 4200 in
654 4152 708 4197 αοι
730 4151 815 4200 cum
841 4129 977 4222 passim
1006 4128 1060 4200 sic
1076 4124 1233 4202 formata
1248 4131 1313 4202 ad-

174 4264 328 4330 verteret
345 4266 389 4330 ut
407 4254 531 4328 littera
548 4282 578 4325 ο)
603 4281 650 4330 ex
670 4280 722 4327 αω
744 4264 931 4330 contracta
947 4257 1070 4328 ionico
1089 4281 1189 4330 more
1207 4257 1248 4330 iu
1265 4283 1312 4330 εοι

173 4385 416 4470 diduceretur,
441 4385 616 4458 continuo
635 4409 716 4458 eam
734 4383 1006 4458 heteroclisiam
1023 4410 1109 4458 cum
1136 4387 1177 4459 in
1194 4385 1313 4459 multa

50 4499 56 4512 ’
170 4514 241 4590 alia
271 4514 441 4590 eiusdem
471 4513 740 4609 coniugationis
765 4516 876 4586 verba
900 4512 1115 4602 transtulit,
1147 4524 1312 4591 tumeas
