3175 5092
679 354 825 410 Prssntio.
1277 377 1326 422 vu

38 627 41 636 .
189 531 335 625 egregio
352 531 525 606 acciderit
542 533 640 625 quod
657 531 781 606 nescio
798 555 847 603 an
864 531 904 604 in
923 531 1027 605 nullo
1044 529 1130 617 alio,
1148 539 1191 605 ut
1208 531 1326 606 eidem

188 659 356 732 hominos
373 668 412 732 et
427 659 639 755 ingentibus
666 657 898 734 cumularent
918 659 1090 734 laudibus
1115 659 1214 756 (nam
1232 662 1327 734 Gro-

187 787 297 858 novio
316 789 466 882 quidem
482 776 564 862 ‘vix
581 789 808 882 superandus
825 790 872 860 ab
889 788 1005 882 ipuus
1023 790 1181 863 auctoris
1198 791 1231 863 si
1248 813 1327 864 osso

186 923 311 1009 posset
329 905 544 1014 alropptqp'
573 917 782 1004 videbatur,
809 941 846 1010 p.
869 917 955 1004 192,
974 917 1037 1013 30)
1062 927 1101 991 et
1128 925 1327 992 tractarent

186 1051 377 1137 tamquam
395 1044 584 1118 novicium
607 1055 646 1118 ct
665 1045 851 1118 sordidum
874 1042 1063 1120 fastidiosa
1086 1049 1244 1141 quodam
1268 1047 1326 1120 in-

186 1172 300 1244 curia.
336 1195 404 1267 ego
421 1197 532 1268 quam
550 1174 656 1268 potui
675 1173 888 1268 plenissime
906 1175 1084 1269 exscripsi
1100 1199 1167 1270 per
1182 1195 1326 1250 mensos

147 1397 152 1404 Ι
185 1299 420 1374 {autumnales
438 1302 527 1374 anni
548 1302 659 1387 1862,
685 1303 787 1374 haud
811 1301 1049 1396 interpellare
1073 1303 1113 1376 id
1135 1305 1327 1398 negotium

186 1437 334 1502 coactus
350 1426 525 1502 feriarum
541 1429 884 1518 Laurentianarum
903 1455 998 1525 quae
1024 1455 1091 1526 per
1112 1429 1218 1504 illam
1237 1434 1327 1506 anni

186 1565 331 1652 partem
355 1557 484 1632 haberi
510 1557 649 1646 solent,
675 1558 821 1654 ingrato
845 1559 932 1631 otio.
979 1560 1204 1655 emigrarunt
1227 1561 1327 1634 enim

185 1710 333 1760 mecum
357 1694 395 1758 ct
417 1687 479 1760 hio
503 1694 541 1759 et
565 1687 711 1782 aliquot
734 1687 796 1760 ulii
820 1685 905 1760 libri
929 1684 1054 1762 ferreis
1075 1687 1152 1762 illis
1170 1687 1327 1763 vinculis

186 1813 377 1910 paulisper
410 1812 526 1888 laxati
562 1814 603 1888 in
637 1813 901 1889 bibliothecam
935 1815 1325 1911 Msgliubeccbisnum.

185 1967 274 2016 mox
296 1943 444 2016 ineunti
462 1965 546 2016 vere
570 1945 660 2016 unni
683 1943 856 2038 proximi,
882 1944 1002 2016 sicubi
1019 1944 1198 2019 intereas
1216 1943 1327 2018 colla·

187 2073 287 2144 tione
311 2067 533 2166 Angelicani
563 2072 745 2146 dubitatio
775 2074 1048 2160 subornetur,
1079 2075 1211 2148 iterata
1239 2097 1327 2148 curo

187 2199 409 2274 examinavi.

291 2331 327 2401 2.
359 2329 397 2400 Β
451 2329 640 2402 Romanus
670 2329 918 2404 bibliothecae
947 2354 1048 2404 nunc
1077 2327 1326 2426 Angelioensc

186 2457 481 2554 Augustinorum
501 2455 602 2553 (0.1.
620 2455 669 2552 6),
689 2455 779 2532 olim
796 2456 1017 2547 Sfortisnus,
1031 2460 1163 2533 deinde
1181 2457 1327 2532 soeculo

187 2587 357 2681 proximo
374 2586 555 2680 superiori
574 2585 779 2660 Cardinalis
798 2586 998 2674 Passionei‚
1021 2589 1120 2662 unde
1137 2589 1327 2662 Passionei

187 2739 323 2788 nomon
351 2713 511 2797 invenit,
542 2712 715 2788 foliorum
739 2718 1071 2801 membranoorum>
1086 2717 1179 2804 330,
1210 2714 1327 2790 forma

186 2843 336 2939 grandi,
366 2843 523 2937 scriptus
554 2842 698 2916 sacculo
720 2842 822 2939 ΧΠ)
855 2845 943 2918 satis
972 2854 1140 2919 accurate
1170 2870 1240 2920 nec
1266 2846 1326 2918 in·

186 2979 351 3044 renmtc.
384 2970 425 3044 in
441 2971 669 3067 marginibus
688 2975 817 3046 eudem
832 2971 909 3048 fore
926 2974 1109 3047 breviaria
1125 2983 1214 3047 sunt
1231 2997 1339 3069 quae.

186 3099 226 3174 in
239 3099 277 3172 A
296 3101 359 3172 scd
376 3097 486 3196 longe
504 3100 653 3188 rariora,
672 3109 710 3174 ct
726 3100 867 3175 scholia
880 3102 1022 3197 aliquot
1034 3110 1115 3177 turn
1132 3105 1180 3175 eb
1197 3104 1326 3176 eedem

188 3253 262 3324 qus
284 3226 430 3323 reliqua
452 3249 567 3302 manu
591 3238 671 3302 tum
697 3255 720 3302 a
744 3232 861 3305 tribus
887 3230 970 3305 eliis
994 3231 1121 3327 eisquc
1145 3232 1326 3305 recentio-

185 3359 306 3445 ribus;
337 3363 525 3454 practerea
545 3357 687 3453 glossae
711 3359 878 3435 noviciae
900 3359 1091 3457 plurimae.
1135 3360 1244 3434 initio
1264 3385 1326 3434 oo-

187 3483 278 3555 dicis
308 3507 392 3556 cum
424 3483 549 3578 aliquo
578 3511 665 3560 casu
687 3487 881 3585 intercepti
908 3497 1032 3563 essent
1064 3498 1104 3562 et
1133 3491 1326 3581 quaternio
1340 3537 1357 3542 --

186 3611 327 3706 primus
345 3620 442 3688 totus
460 3625 498 3690 et
515 3615 675 3703 alterius,
698 3625 843 3710 practer
858 3615 988 3691 folium
1004 3618 1166 3712 primum
1182 3627 1221 3692 et
1238 3617 1326 3692 ulti-

272 3898 298 3964 *t
325 3899 386 3955 Hoc
403 3905 436 3955 ut
455 3908 512 3958 tsm
534 3901 705 3958 confidenter
726 3917 872 3974 ponerem,
897 3922 958 3960 cum
975 3905 1133 3975 wesseling
1151 3920 1215 3959 enm
1233 3905 1324 3960 nesae

51 4041 56 4049 ,
186 3983 262 4038 cuius
280 3985 441 4042 suctcritste
458 3987 494 4042 sd
512 3988 650 4045 saeculum
668 3988 730 4046 XII
749 3988 940 4062 depressisset,
968 3991 1031 4046 reat
1047 4008 1153 4048 summa
1173 3989 1325 4046 n'rnilitudo

186 4069 333 4141 scripturae
360 4089 430 4143 quac
455 4079 497 4127 est
522 4073 588 4128 huic
618 4091 680 4128 cum
703 4073 798 4129 codice
821 4075 940 4146 quodem
964 4075 1148 4133 bibliothecas
1172 4071 1325 4131 Ganuensis

187 4155 437 4212 ‘llbsiomriorum
455 4157 651 4226 Urbanorum',
680 4159 832 4215 continenti
851 4159 1000 4216 Proverbiis
1015 4161 1234 4219 Embsimtionm
1251 4161 1325 4217 (isn-

186 4240 269 4298 ticum
282 4241 457 4300 Gruticorum
469 4262 532 4298 cum
544 4245 648 4300 Ortona
663 4245 853 4316 interpretum,
871 4247 915 4301 cui
931 4245 1043 4318 quidem
1058 4247 1186 4304 librarius
1202 4247 1243 4304 its
1257 4248 1325 4304 sub-

187 4361 307 4434 scripsit:
334 4327 443 4419 lrslusi'
464 4364 483 4434 ἡ
505 4365 593 4426 δέλτος
605 4363 670 4438 αὕτη
683 4365 724 4421 bul
736 4365 823 4438 χειρὸς
833 4327 948 4423 macl}
967 4366 1002 4431 (h.
1017 4385 1040 4422 s.
1055 4366 1184 4440 &clupeo
1196 4372 1322 4441 μοναχοῦ)

187 4465 248 4536 μηνὶ
257 4465 327 4536 puis»
339 4448 382 4520 ia.
398 4465 552 4527 [suracusas
565 4449 598 4542 27⁰.
618 4469 644 4522 ts
657 4477 693 4523 τῶ
708 4449 800 4546 Hs}
812 4469 863 4524 ἔτει
885 4469 920 4534 (b.
935 4487 959 4524 s.
978 4487 1051 4524 snno
1068 4468 1164 4526 mundi
1176 4473 1252 4536 6583,
1277 4470 1325 4544 qui

186 4557 228 4606 sst
238 4566 328 4606 snnus
340 4549 442 4607 Christi
456 4553 541 4620 loss).
