3175 5092
290 353 399 402 nxvrn
788 337 934 391 Mutiu-

292 513 417 596 νέοντο,
446 515 580 585 senties
598 537 709 609 quum
733 515 833 586 istud
858 514 1028 585 ἐοινέοντο
1051 525 1136 608 post
1155 511 1435 587 infestissimam
1568 568 1569 573 η

291 665 447 737 eamque
471 642 583 737 plane
607 643 838 736 inopinatam
861 644 1152 716 devastationem
1177 644 1435 738 pacatissimae

290 773 452 844 civitatis
487 771 608 846 debile
639 773 765 845 veniat
793 783 907 867 atque
936 772 1124 867 ineptum,
1160 797 1273 868 quam
1303 785 1435 848 eontra

291 901 482 996 proprium
508 899 716 996 dolorisque
740 903 861 975 aoerbi
887 901 1042 996 plenum
1065 901 1253 975 ἐσικνέοντο
1285 903 1434 1000 (paupe-
1568 888 1569 891 ¹

291 1031 390 1116 dant,
404 1029 613 1128 fodiebant),
645 1034 861 1124 pmesertim
887 1032 928 1103 in
952 1057 998 1105 ea
1020 1031 1161 1104 iniuria
1183 1055 1280 1127 qnae
1305 1033 1433 1106 odium

291 1157 385 1232 illud
419 1159 649 1233 inexorabile
678 1162 834 1254 peperit.
891 1171 931 1234 et
964 1161 1170 1233 subirasoor
1202 1161 1298 1234 mihi
1333 1165 1436 1258 quod
1568 1244 1569 1283 ;

291 1313 366 1361 non
391 1289 524 1363 reduxi
548 1298 730 1362 vetustam
760 1289 941 1362 ἐσικνέεται
965 1287 994 1362 Γ
1022 1292 1094 1364 108
1125 1291 1264 1364 eximie
1295 1301 1435 1387 uptam,

291 1441 362 1490 nec
384 1418 458 1489 ium
482 1417 637 1490 dubium
662 1417 754 1509 quin
779 1443 869 1491 sunu
891 1421 942 1491 sit
965 1421 1147 1514 seriptma
1170 1420 1343 1495 Medioea
1359 1420 1437 1497 Ae-

292 1545 406 1642 schyl.
432 1545 563 1641 Suppl.
594 1549 669 1621 556
703 1549 840 1620 1κνεῐτοι
872 1542 904 1620 δ’
932 1542 1029 1644 (Ἰώ),
1064 1549 1315 1642 εἰοικνοορένοο
1342 1551 1436 1652 βέλει

293 1674 456 1776 βουκόλου
472 1677 680 1774 πτερόεντος,
695 1673 774 1748 Δῖον
790 1676 968 1777 πάμβοτον
986 1675 1100 1760 ἄλσος,
1115 1679 1182 1750 ubi
1195 1688 1301 1752 vetus
1319 1682 1436 1754 inter-

293 1829 377 1899 pres
406 1813 505 1878 recte
533 1810 594 1877 τοῦ
624 1807 757 1904 οἴστρου
786 1807 840 1901 τῷ
871 1804 999 1902 κέντρῳ
1030 1806 1138 1904 αὐτὴν
1169 1808 1431 1906 διστροπιῖνντος.

292 1933 513 2028 interpolata
531 1959 638 2029 porro
656 1944 743 2008 sunt
761 1933 993 2031 ἐπειρεόρενος
1011 1932 1038 2005 Γ
1057 1936 1106 2008 64
1127 1937 1170 2008 in
1187 1936 1302 2009 ultera
1319 1937 1435 2034 stirpe

291 2061 479 2151 librorum,
509 2063 635 2162 ἐνείχεε
653 2061 683 2136 Α
706 2064 777 2136 118
800 2064 842 2135 in
859 2063 1040 2146 omnibus,
1066 2063 1181 2161 ὥρλεε
1199 2063 1226 2137 θ
1244 2069 1294 2140 26
1313 2067 1436 2144 Aldus

292 2201 471 2266 sumserat
487 2217 533 2266 ex
552 2191 601 2281 R,
620 2189 802 2289 ἀγιόρινον
818 2202 943 2265 autem
961 2191 988 2264 Γ
1011 2194 1057 2266 14
1074 2218 1123 2266 ex
1139 2219 1173 2290 q.
1218 2219 1288 2269 neo
1307 2208 1436 2272 <urent

293 2321 495 2417 suspitione
526 2319 844 2420 ἐπιρορτνρεόρενοι
875 2319 906 2394 Ε
937 2321 986 2394 93
1017 2321 1187 2416 paullum
1216 2330 1435 2419 praesertim

293 2453 433 2524 distans
464 2453 511 2522 ab
542 2449 839 2549 ἐπιμαρτυρόμεθο
867 2447 898 2522 Ε
926 2452 1015 2538 921,
1049 2460 1088 2525 et
1116 2459 1433 2553 περισπερχεόντων

294 2579 325 2653 Η
347 2581 434 2666 207,
455 2579 516 2653 cui
534 2580 624 2653 scite
642 2577 834 2652 substituit
849 2579 1082 2654 Vulekenaer
1104 2582 1432 2681 περισπερχθέντονν.

292 2711 385 2784 haec
409 2711 523 2806 igitur
545 2718 611 2781 aut
635 2707 744 2803 plane
766 2710 877 2782 mitto
897 2719 962 2783 aut
978 2735 1056 2785 non
1072 2712 1253 2784 retineam
1268 2714 1435 2787 obstina-

292 2841 378 2927 tius,
397 2839 519 2914 minns
537 2839 636 2912 idem
654 2839 695 2911 in
714 2837 798 2912 aliis
814 2838 945 2913 mollis.
983 2839 1200 2934 πιεζεύμενοι
1216 2849 1274 2914 ter
1290 2853 1435 2918 oonstut

292 2969 407 3044 fuisse
432 2970 473 3042 in
496 2968 710 3063 Archetypo
737 2965 775 3064 (Γ
797 2970 880 3042 146.
901 2968 928 3041 Ζ
950 2970 1032 3041 108.
1058 2964 1083 3040 θ
1106 2969 1212 3066 142),
1236 2972 1434 3066 πιεζόμενος
1568 3040 1569 3077 3

294 3100 453 3188 deciens,
471 3100 533 3172 oui
550 3098 691 3172 aceedit
707 3096 905 3180 πιέζετοιΒ
924 3099 985 3184 25,
1004 3095 1116 3181 ἐπίεζε
1139 3098 1260 3172 Eos:
1289 3104 1435 3194 quaesi
1546 3141 1569 3187 η

294 3231 347 3303 ita
365 3229 522 3302 variant
538 3228 761 3314 Herodotus,
787 3251 863 3300 uon
880 3227 998 3322 magis
1014 3229 1174 3302 vadavit
1192 3253 1303 3323 qnam
1316 3228 1434 3305 multa
1568 3262 1569 3265 ¹

295 3357 378 3430 alia.
424 3381 493 3432 uec
517 3357 723 3432 Herodioni
747 3358 827 3456 περὶ
853 3380 926 3450 μον.
947 3354 1014 3436 iii.
1040 3381 1078 3451 p.
1101 3359 1148 3430 44
1173 3360 1220 3430 de
1245 3361 1434 3456 berytonis

294 3491 335 3564 iu
354 3473 426 3572 οἷο
450 3487 718 3562 cunonissantis
736 3485 879 3557 notatio
903 3485 1096 3583 σημειῶδες
1120 3483 1187 3584 ἄρα
1209 3475 1292 3586 παρ’
1317 3477 1432 3560 ‘Atu-
1568 3560 1569 3583 ρ

295 3620 365 3700 κοῖς
390 3619 446 3690 καὶ
470 3619 541 3697 τοῖς
556 3607 656 3688 Ἴωσι
682 3614 864 3712 λεγόμενον
890 3612 945 3686 διὰ
961 3617 1022 3684 τοῦ
1040 3613 1191 3698 ἐ’πιὲζιο,
1217 3615 1304 3710 plus
1329 3615 1434 3712 quic·
1568 3602 1569 3677 ]

293 3771 403 3845 quarn
422 3745 559 3820 vaiebit
583 3745 630 3818 ad
654 3744 1026 3818 circumscribendum
1044 3741 1298 3819 Herodotenm
1324 3770 1434 3820 usum

295 3901 404 3974 quam
430 3899 524 3971 quoe
542 3875 656 3970 patris
675 3873 783 3948 attuli
807 3871 908 3946 illius
932 3895 1044 3968 supra
1066 3875 1113 3946 de
1130 3878 1246 3954 κεῖνοι.
1291 3886 1331 3948 et
1347 3877 1433 3952 vide

292 4007 472 4082 Lobeckii
490 4005 777 4100 disputationem
802 4005 848 4076 od
866 4003 969 4076 Aiue.
991 4002 1066 4075 239
1092 4027 1200 4076 omne
1224 4005 1295 4077 hoc
1316 4029 1433 4102 genus
1568 4034 1569 4037 ¹

293 4135 548 4212 heteroclisiae
571 4133 736 4228 undique
762 4133 1152 4228 comprehendentem:
1187 4159 1235 4208 ex
1260 4159 1334 4231 quo
1357 4137 1433 4208 huc

293 4268 482 4364 pertinent
499 4273 642 4360 master
659 4263 755 4337 illud
771 4265 864 4336 haec
882 4271 1067 4359 quattuor.
1106 4261 1214 4362 κορέιο
1231 4265 1333 4337 varia
1349 4290 1434 4360 pro-

294 4368 426 4494 ¹genuit
443 4405 609 4490 tempora
625 4392 749 4468 multis
776 4391 969 4488 exemplis,
994 4393 1087 4489 κύρω
1111 4392 1236 4473 aoristi
1260 4395 1334 4465 dno
1359 4394 1431 4466 ἐνέ-

295 4549 418 4625 κοροον
445 4521 471 4596 Γ
491 4525 554 4606 77,
585 4520 740 4622 ἐνέκυρσε
764 4518 792 4592 Δ
814 4523 886 4596 125
916 4521 1082 4618 (Bredov.
1101 4546 1138 4615 p.
1160 4522 1259 4618 371).
1306 4523 1430 4620 ῥίπτειν
