3175 5092
657 353 801 410 Praefatio.
1213 369 1301 414 xum

162 531 319 624 νομάδες,
342 532 391 604 64
406 532 513 630 δέρμα
531 529 568 602 δέ
587 527 827 627 ἀνθρώπου-
845 530 1031 626 λευκότητι,
1053 529 1102 600 86
1115 526 1301 623 παρέχεται

18 683 19 686 ’
164 655 275 729 δὲκαὶ
294 659 482 756 λίμνην-
503 656 647 738 Πόντου,
677 654 706 728 Ε
726 659 774 730 83
793 660 881 756 ἦσαν
901 655 940 728 δὲ
964 658 1018 728 καὶ
1035 658 1120 728 τοῖσι
1133 643 1299 725 Ἐπιδαυ-

164 788 263 882 ρίοισι
281 785 380 858 αὗται
398 785 432 858 al
451 787 622 885 ἱρουργίαι,
653 784 678 856 Ζ
694 787 741 858 59
762 783 989 882 συμφέρονται
1007 782 1044 854 δὲ
1063 781 1147 854 ἄλλο
1163 780 1239 852 τόδε
1250 821 1299 834 -

164 915 212 986 60
231 913 274 986 τὰ
290 913 415 1011 πάτρια
433 912 653 996 ἐπιτελέουσι,
685 915 732 988 79
751 911 875 986 ἄποινα
892 910 931 984 δὲ
948 910 1166 992 -ἐκτίνειν,
1200 905 1231 980 Η
1251 909 1300 981 20

162 1039 294 1114 στόλων
319 1039 382 1140 γὰρ
403 1048 469 1112 τῶν
493 1042 593 1138 ἡμεῖς
610 1041 704 1136 ἴδμεν
726 1085 774 1094 -
794 1039 839 1112 21
863 1037 939 1111 σῖτά
955 1063 992 1110 τε
1015 1041 1070 1110 καὶ
1094 1037 1189 1120 νέας,
1229 1038 1301 1110 199

162 1170 253 1242 ὥστε
265 1158 473 1262 Ἀμεινοκλέι
491 1207 541 1222 -·-
558 1169 777 1266 παιδοφόνος.
809 1165 822 1238 l
851 1170 901 1242 82
924 1166 1055 1264 λέγεται
1079 1163 1198 1236 δὲκαὶ
1223 1164 1303 1236 τάδε

162 1279 322 1394 γενέσθαι
338 1339 382 1348 -
402 1299 487 1394 πρὸς
504 1297 583 1377 τοὺς
601 1297 810 1394 στρατηγοὺς
825 1303 891 1368 τῶν
907 1282 1098 1392 Ἑλλήνων,
1121 1293 1169 1365 83
1188 1292 1298 1390 ἐφάνη

163 1423 200 1496 δὲ
226 1428 282 1495 καὶ
307 1424 385 1496 τόδε
409 1422 546 1521 ὕστερον
564 1463 616 1478 --
635 1425 682 1496 85
706 1426 823 1522 τρόπῳ
847 1424 989 1517 τοιούτῳ
1014 1420 1136 1519 ἐτάφη.
1208 1421 1301 1494 haec

162 1552 276 1648 igitur
301 1543 340 1625 et
365 1551 498 1624 similia
522 1554 702 1646 quaedam
720 1549 805 1639 alin,
828 1549 977 1623 tametsi
992 1549 1095 1621 haud
1118 1550 1200 1644 pari
1222 1573 1301 1622 esse

163 1681 288 1752 omnia
319 1683 366 1752 ad
391 1653 712 1753 demonstrandum
737 1683 898 1774 pondere
921 1677 1111 1772 intellego,
1136 1703 1180 1751 eo
1205 1688 1301 1751 certe

162 1809 290 1883 valent
303 1809 511 1895 coniuncta,
526 1817 657 1881 utnon
671 1819 809 1882 temere
820 1809 1010 1882 videamur
1023 1807 1169 1879 credere
1181 1807 1301 1900 ipsum

163 1939 394 2012 Herodotum
421 1939 599 2031 quaedam
625 1947 708 2032 post
733 1937 920 2010 absolutas
944 1935 1107 2030 singulas
1133 1935 1302 2007 historias

164 2068 241 2141 sive
267 2065 388 2163 λόγους
411 2065 550 2139 iteratis
574 2066 669 2138 ornis
694 2067 907 2151 inseruisse,
940 2063 1014 2135 alia
1039 2063 1151 2136 etiam
1175 2072 1303 2158 postea

164 2221 276 2290 quam
316 2193 487 2268 edidisset
525 2203 643 2267 totum
682 2217 774 2289 opus
813 2194 1063 2266 animadversa
1103 2201 1167 2264 aut
1204 2217 1302 2264 oom-

119 2361 128 2384 ι
164 2333 270 2418 perta
287 2323 327 2394 in
345 2323 528 2418 margines
550 2323 696 2396 interim
715 2323 923 2408 cornecisse,
940 2321 1100 2415 indeque
1118 2329 1204 2416 post
1224 2320 1303 2394 eius

164 2461 320 2525 mortem
344 2452 517 2524 incohata
545 2453 702 2524 necdum
734 2453 782 2525 ad
812 2459 1014 2524 ceterorum
1041 2447 1300 2545 perfectionem

165 2579 315 2652 exculta
348 2578 460 2651 alium
499 2582 681 2674 quendam
712 2581 752 2652 in
784 2587 998 2652 contextum
1030 2579 1203 2650 orationis
1235 2601 1301 2648 suo

166 2731 346 2804 quaeque,
372 2717 415 2779 ut
432 2709 512 2780 fieri
531 2718 664 2802 posset,
689 2708 768 2780 loco
786 2707 987 2779 immisisse.
1030 2715 1141 2801 atque
1166 2709 1211 2779 de
1236 2704 1301 2778 illo

164 2861 298 2933 genere
330 2835 671 2931 supplementorum
703 2836 781 2931 ipse
806 2836 860 2907 ait
883 2832 910 2905 Δ
937 2834 986 2908 30
1010 2833 1211 2932 προσθήκας
1239 2833 1283 2930 γὰ

166 2965 208 3062 δή
229 2991 286 3058 μοι
304 2964 323 3036 ὁ
342 2963 441 3060 λόγος
458 2962 493 3043 ἐξ
512 2960 622 3064 ἀρχῆς
640 2963 791 3063 ἐδίζητο,
821 2973 996 3058 tanquam
1021 2986 1200 3036 excusans
1226 2987 1302 3034 am·

164 3092 353 3187 plificandi
371 3101 514 3184 praeter
532 3092 694 3166 ordinem
713 3117 755 3165 ac
773 3101 936 3166 tenorem
960 3115 1081 3165 rerum
1103 3090 1299 3164 licentiam.

166 3221 272 3293 alteri
289 3220 456 3314 quamvis
474 3221 514 3292 in
531 3221 740 3294 coniectura
764 3221 884 3317 posito
900 3221 972 3292 hoc
990 3219 1119 3293 saltem
1136 3216 1304 3292 tribuen-

165 3351 253 3422 dum
272 3349 361 3436 erit,
383 3373 431 3423 ne
449 3348 601 3422 calidius
626 3351 745 3422 dicam
769 3375 818 3422 an
842 3350 1006 3435 inertius,
1033 3348 1211 3444 quidquid
1235 3348 1304 3420 im·

165 3477 289 3572 pedire
307 3477 506 3551 sentiamus
519 3478 659 3551 flumen
672 3478 902 3566 narrationis,
918 3477 1092 3551 continuo
1106 3479 1302 3551 exturbare

166 3629 340 3680 conemur
358 3607 463 3700 quasi
478 3603 566 3680 foris
583 3606 781 3680 invectum.

268 3735 522 3808 Confidentius
549 3735 739 3830 aliquanto
764 3737 945 3832 quamde
972 3736 1303 3810 additamentnrum

166 3863 371 3958 suspicione
395 3863 575 3936 iudicatur
596 3867 641 3938 de
666 3864 829 3938 hiatibus
854 3864 1079 3938 lacunarum.
1121 3889 1215 3958 quae
1240 3873 1307 3937 aut

167 4015 228 4084 per
258 4015 298 4063 se
328 4000 457 4086 patent
481 3991 643 4086 ipsarum
672 3993 935 4069 sententiarum
959 4001 1304 4088 argumentorumve

167 4117 385 4205 defectibus,
415 4131 458 4192 ut
484 4121 595 4194 Asa.
620 4123 703 4196 167.
738 4121 934 4196 Rauso.
959 4123 1041 4194 192.
1067 4123 1150 4194 175.
1186 4119 1213 4192 Γ
1243 4123 1300 4194 14.

170 4246 227 4321 39.
250 4249 310 4322 49.
347 4245 374 4318 Δ
399 4247 458 4320 37.
484 4250 545 4321 47.
578 4250 660 4322 149.
698 4245 728 4321 Ε
751 4251 812 4324 27.
838 4251 899 4324 69.
936 4247 1049 4324 Η76.
1073 4250 1156 4322 154.
1194 4247 1300 4322 677.

175 4376 259 4450 ¹24:
279 4385 348 4450 aut
362 4376 603 4452 ratiocinandi
621 4377 826 4451 subtilitate
844 4380 1039 4472 patefiunt,
1057 4388 1100 4450 ut
1115 4378 1157 4450 in
1175 4403 1304 4452 nume·

167 4529 285 4582 rorum
303 4505 496 4582 notatione
513 4505 547 4576 B
565 4509 586 4580 8
607 4506 730 4602 (quem
749 4507 898 4602 quidem
915 4505 1037 4581 locum
1056 4531 1105 4608 ne
1122 4506 1303 4582 Aristides
