3175 5092
276 353 335 398 ων
776 337 920 392 Prulah‘o.
1028 315 1031 322 Ι

276 531 315 579 se
337 509 499 581 tutantia
521 509 637 608 τιάραν
663 514 701 582 Α
730 511 822 599 132,
847 511 963 610 τιάρας
988 510 1016 583 Γ
1044 515 1102 586 12.
1129 509 1161 584 Η
1187 516 1233 587 61
1263 523 1414 608 propter

276 639 489 708 mendosum
515 640 624 735 τιηριι
652 635 678 709 Θ
711 641 803 726 120,
836 643 935 734 quod
960 642 998 712 R
1019 643 1180 714 correxit
1207 643 1308 740 τιήρη
1343 643 1415 714 hoe

276 773 331 836 est
353 769 467 862 τιήρη,
498 765 532 837 O
552 768 681 864 τριήρει
707 769 778 839 hoo
802 777 858 840 est
880 771 1029 866 τριηρεῖε
1057 778 1139 842 nter
1163 767 1284 844 verius
1309 769 1415 842 valde

275 893 501 988 ambiguum.
555 893 734 988 templum
758 895 983 990 Delphicum
1009 895 1186 995 Προνηίης
1205 888 1411 994 Ἀθηναίης,

277 1045 387 1115 quam
412 1029 556 1115 postera
579 1031 678 1095 aetas
702 1024 853 1096 nomine
882 1026 929 1096 ad
952 1022 1100 1128 laudem
1124 1025 1327 1118 sapientiae
1352 1027 1415 1097 de-

276 1149 373 1220 flexo
395 1147 598 1242 appellavit
622 1147 806 1248 Πρόνοιαν,
837 1161 1139 1226 commemoratur
1161 1153 1200 1224 A
1217 1154 1284 1240 92,
1315 1153 1415 1226 idem

278 1273 302 1346 A
320 1277 379 1349 37.
396 1277 445 1350 39
465 1274 636 1375 Προναίας
654 1279 888 1373 quinquiens.
931 1276 1038 1378 Τεγέη
1057 1280 1178 1353 ionice
1196 1289 1236 1352 et
1252 1304 1361 1375 saepe
1377 1291 1416 1354 et

277 1413 484 1478 constanter
502 1405 732 1492 terminatur,
758 1415 798 1478 at
815 1405 960 1506 Τιθορέα
978 1404 1004 1478 Θ
1025 1409 1074 1480 32
1100 1409 1267 1503 quamvis
1292 1411 1334 1480 in
1354 1433 1415 1482 ea-
1529 1489 1532 1492 ,

237 1515 238 1518 “
277 1535 361 1605 dem
379 1533 540 1626 positum
555 1557 672 1606 eausa.
709 1536 825 1630 igitur
837 1559 885 1609 ne
893 1531 1074 1634 Χαράδραν
1089 1505 1273 1631 quidemd
1283 1538 1331 1609 33
1349 1562 1416 1631 per

278 1687 316 1734 se
334 1660 589 1755 improbabile,
614 1663 687 1735 nisi
705 1659 890 1762 Χαράδρην
908 1671 946 1736 et
962 1664 1084 1757 ipsum
1103 1665 1291 1758 proditum
1307 1676 1413 1738 esset.

277 1813 346 1863 neo
369 1791 486 1885 magis
507 1796 646 1864 certum
666 1777 813 1889 Ὕδρίαν
837 1788 864 1861 Γ
883 1791 945 1878 59,
971 1794 1069 1886 quod
1086 1793 1223 1866 eximie
1240 1793 1362 1868 effecit
1377 1795 1417 1866 R

278 1927 486 2013 ecnnupto
505 1915 643 2016 Θυρέαν,
664 1907 874 2018 ααὝδρίην
889 1919 1145 2013 praestabilius
1163 1922 1224 2004 sit,
1250 1945 1323 2016 quo
1347 1923 1417 1993 du-

278 2074 358 2122 cere
380 2049 526 2121 videtur
550 2045 659 2120 lectio
677 2045 821 2146 Θυρέην.
870 2044 1035 2147 Καδμηια
1050 2049 1232 2147 γράμματα
1249 2044 1279 2120 Ε
1300 2051 1358 2132 59,
1379 2061 1418 2124 at

280 2173 436 2274 Καδμείη
455 2179 529 2272 νίκη
549 2178 585 2247 A
609 2175 679 2249 166
705 2174 745 2246 in
763 2176 968 2268 proverbio,
993 2175 1066 2269 ipsi
1085 2173 1253 2269 Καδμεῖοι
1269 2179 1416 2252 sexiens

279 2305 359 2376 sine
384 2327 428 2377 ca
450 2305 697 2376 excusatione.
743 2306 930 2402 ταριχηίων
954 2303 1083 2398 scripsi
1105 2303 1138 2376 B
1163 2305 1208 2377 13
1231 2328 1298 2398 pro
1320 2329 1416 2404 ταρι-

278 2436 373 2529 χίων,
398 2438 441 2504 ut
458 2431 603 2526 saepius
620 2431 879 2527 integrandum
903 2429 978 2504 fuit
994 2435 1158 2530 στρατηίη
1185 2455 1251 2526 pro
1274 2437 1414 2532 στρατίη

278 2559 338 2636 vel
353 2562 510 2658 στρατιήι
538 2553 607 2633 nee
624 2581 708 2633 vero
727 2556 950 2658 ΤαριχείαςΒ
969 2559 1040 2635 113
1057 2560 1143 2633 ideo
1164 2561 1414 2655 suspitiosum.

279 2691 320 2762 in
338 2690 397 2762 dei
415 2687 578 2784 Scythici
595 2690 745 2762 nomine
763 2685 1002 2784 Θαγιμασάδας
1019 2685 1046 2758 Δ
1066 2689 1114 2761 53
1132 2690 1178 2762 de
1194 2690 1277 2783 ipsa
1292 2691 1418 2762 tenni-

278 2818 429 2891 natione
459 2817 568 2912 plane
599 2825 758 2904 constat,
789 2837 901 2911 quarn
932 2814 1050 2887 Aldus
1087 2815 1128 2889 in
1166 2817 1230 2914 δης
1260 2817 1418 2890 mutavit

279 2955 427 3042 propter
440 2940 705 3044 Ὀκταμασάδης
731 2942 838 3018 Δ80.
880 2932 1059 3036 Ἀλκμέων
1081 2931 1264 3037 Ἀμυθέων
1293 2941 1417 3016 Ποσιι-

280 3077 366 3148 δίων
385 3099 461 3148 non
478 3075 551 3147 iam
569 3074 683 3148 dubia
700 3083 797 3160 sunt,
822 3095 891 3145 nee
907 3080 1030 3144 tamen
1054 3072 1096 3144 in
1112 3073 1268 3144 dubium
1284 3095 1418 3143 vocan-

280 3207 368 3278 dum
398 3201 547 3276 Φιλάονα
579 3199 605 3274 Θ
636 3203 693 3274 11.
756 3201 881 3273 minus
908 3202 1122 3294 repugnabo
1152 3197 1417 3294 appellativum

280 3333 395 3405 ὀπάων
422 3327 451 3402 E
479 3333 546 3403 111
576 3329 868 3425 exsequentibus
900 3351 984 3400 cum
1012 3328 1100 3400 150
1123 3325 1287 3408 ὀπέωνες,
1321 3328 1411 3398 151

280 3459 443 3539 ὀπέωνας.
488 3457 591 3540 aasz,
613 3461 711 3553 quod
729 3457 812 3552 quis
828 3456 968 3550 ubique
986 3464 1184 3549 exspectat,
1207 3455 1266 3526 bis
1282 3454 1419 3550 legitsu

280 3586 307 3659 Δ
330 3589 387 3660 12.
408 3583 440 3658 H
463 3587 529 3659 53:
557 3589 648 3659 adeo
666 3587 774 3665 κοινός
791 3582 988 3680 praevalet.

381 3717 657 3789 Demonstrasse
689 3714 856 3788 videmur
886 3735 963 3785 non
986 3711 1096 3784 nimis
1125 3734 1164 3783 se
1188 3707 1418 3784 Herodotum

280 3845 492 3918 astrinxisse
523 3841 605 3940 lege
636 3867 679 3916 ac
710 3841 925 3916 necessitate
948 3841 990 3913 in
1015 3837 1228 3912 nominibus
1255 3837 1418 3913 maxime

280 3974 437 4069 propriis
460 3997 527 4068 pro
547 3971 812 4045 consuetudine
836 3968 984 4042 dialecti
1003 3965 1283 4040 conformandis.
1333 3975 1420 4039 sunt

279 4113 467 4199 praeterea
484 4125 560 4174 non
577 4101 631 4175 ita
647 4123 782 4195 pauca,
810 4123 905 4194 quae
929 4095 994 4170 ille
1017 4120 1101 4168 cum
1122 4094 1308 4190 duplicem
1325 4097 1417 4170 reci-

281 4239 411 4327 perent
437 4231 634 4305 flexionem
663 4237 727 4300 aut
750 4225 936 4322 duplicem
967 4225 1092 4299 statim
1114 4226 1295 4298 haberent
1318 4224 1416 4317 posi-

282 4363 440 4449 tionem,
471 4367 626 4455 utraque
656 4353 760 4430 nullo
791 4355 1002 4428 discrimine
1030 4353 1087 4426 uti
1114 4375 1190 4426 non
1219 4351 1414 4425 dubitavit

281 4491 384 4564 cuim
402 4489 545 4585 generis
563 4495 705 4582 praeter
720 4493 842 4559 cetera
858 4492 914 4557 est
930 4482 1074 4577 insigne
1090 4479 1303 4576 exemplum
1316 4481 1351 4551 A
1365 4479 1415 4554 82
