3175 5092
279 351 351 398 m
765 330 914 391 Praefatio.

279 507 353 580 bile
365 485 674 602 praetermittam,
698 534 792 603 quae
814 533 890 582 non
915 509 995 602 ipse
1018 519 1245 582 commentus
1269 508 1416 583 videtur

279 637 344 708 sed
360 661 409 709 ex
427 647 595 710 accurata
616 647 807 710 auctorum
829 637 989 711 lectione
1011 636 1215 732 collegisse,
1238 636 1343 711 velut
1366 663 1414 710 ex

279 764 435 838 Stobaeo
454 762 507 860 (ff
527 765 585 838 53.
608 767 670 840 80.
691 767 751 840 82.
778 763 807 838 Δ
830 767 913 839 104.
934 763 960 837 Ζ
979 767 1041 839 86.
1056 761 1104 870 ,Η
1124 767 1185 840 40.
1208 768 1291 838 102.
1317 766 1414 861 160),

279 893 478 966 Plutarcho
504 891 543 989 (Γ
563 895 623 967 46.
652 892 679 965 Δ
702 894 785 967 160.
814 892 841 966 Ζ
863 893 961 988 105),
986 895 1150 973 Zenobio
1169 891 1208 990 (Δ
1227 895 1308 990 23),
1333 895 1416 970 Ste-

278 1023 402 1116 phano
414 1022 592 1118 Byzantio
606 1019 666 1098 vel
684 1023 765 1118 ipso
777 1023 992 1098 Herodiano
1011 1020 1050 1117 (Δ
1060 1023 1135 1118 93),
1148 1023 1277 1096 Photii
1294 1021 1415 1096 lexico

279 1147 318 1244 (F
344 1150 399 1246 8);
431 1175 507 1222 non
531 1151 642 1223 unius
672 1159 795 1224 autern
822 1151 1038 1227 auctoritate
1061 1149 1149 1226 fecit
1174 1153 1273 1246 quod
1295 1150 1321 1223 Z
1343 1153 1415 1226 105

277 1303 411 1352 nomen
436 1279 602 1367 cursoris,
629 1281 727 1374 quod
750 1281 790 1352 in
815 1281 944 1354 ceteris
970 1289 1027 1354 est
1050 1279 1156 1356 libris
1180 1277 1415 1378 Φειδιππίδης,

276 1406 428 1482 fortasse
453 1408 664 1482 ioculariter
689 1411 736 1480 ad
753 1419 869 1484 artem
886 1410 1048 1482 hominis
1066 1409 1305 1496 declinatum,
1328 1410 1416 1482 seri-

278 1538 354 1631 psit
371 1534 585 1635 Φιλιιιπίδης.
628 1538 669 1609 in
693 1538 748 1610 eis
772 1539 874 1612 enim
899 1562 995 1631 quae
1019 1539 1207 1612 hominem
1232 1561 1414 1632 gramma-

275 1666 394 1745 ticum
419 1665 580 1760 artisque
602 1667 763 1760 peritum
786 1667 1031 1761 requirerent,
1056 1667 1098 1738 in
1122 1667 1416 1761 orthographicis

278 1793 573 1888 prosodiacisque
593 1794 866 1868 Herodianeam
884 1794 1120 1889 disciplinam
1140 1792 1298 1890 praefert
1314 1795 1415 1868 haud

278 1921 518 2017 indiligenter
535 1931 761 2018 perceptam:
797 1948 871 2018 quo
896 1921 1035 1998 sactum
1059 1932 1102 1997 ut
1126 1926 1173 1996 ab
1191 1923 1262 1995 hoc
1278 1924 1416 1996 habea-

278 2075 360 2124 mus
378 2050 521 2145 aliquot
537 2052 689 2125 nomina
712 2051 772 2126 vel
796 2053 933 2146 scripta
955 2053 1089 2126 rectius
1115 2051 1176 2126 vel
1193 2051 1270 2124 suis
1287 2075 1417 2124 accen·

279 2181 379 2252 tibus
395 2181 587 2266 instructa,
606 2190 648 2250 ut
666 2178 692 2250 Γ
713 2180 782 2253 136
802 2179 925 2276 γαῦλον
946 2178 1003 2274 (cf.
1019 2180 1165 2254 Lentzii
1179 2180 1416 2256 Herodianus

278 2311 298 2380 Ι
320 2333 357 2402 p.
381 2305 478 2400 150),
504 2303 537 2378 Η
560 2307 630 2380 154
658 2305 828 2380 Παταίκου
846 2316 885 2380 et
902 2305 929 2380 Γ
948 2309 996 2382 37
1024 2306 1222 2384 Παταίκοιαι
1244 2307 1302 2404 (cf.
1322 2309 1412 2380 ibid.

279 2462 315 2532 p.
340 2436 431 2520 151,
459 2431 487 2504 Δ
509 2436 580 2508 164
601 2421 753 2534 Ἀλαζείρ
779 2435 832 2531 (in
857 2460 931 2531 quo
956 2446 1012 2510 est
1033 2437 1239 2530 corrigendi
1263 2445 1415 2509 conatus

279 2561 527 2660 imperfectus)
551 2572 588 2637 et
608 2556 786 2663 Ἀλάζειρα
811 2564 914 2660 (ibid.
938 2590 975 2659 p.
996 2565 1075 2658 49),
1105 2566 1175 2638 172
1194 2589 1273 2658 sqq.
1294 2561 1415 2636 Νασα-

281 2700 390 2786 posse
416 2693 516 2786 (ibid
537 2691 675 2787 p.32)‚
704 2688 830 2764 11100
857 2690 994 2766 Δίκαιαν
1019 2691 1306 2788 (imapum),
1342 2694 1413 2766 170

274 2811 446 2918 Ἀνθήλης
465 2819 565 2914 (ibid.
586 2845 622 2914 Ρ.
641 2820 740 2914 322),
759 2817 772 2892 l
793 2821 841 2894 43
856 2808 1053 2917 Εγχελέιον
1074 2820 1124 2916 (et
1141 2823 1299 2894 debebat
1316 2817 1346 2892 Ε
1365 2820 1410 2894 61

275 2939 481 3046 Ἐγχιλὲαςε
515 2949 606 3021 ibid.
634 2973 670 3043 p.
698 2947 798 3045 237).
852 2951 988 3044 quibus
1018 2951 1104 3024 addi
1136 2957 1258 3044 potest
1287 2946 1314 3020 l
1342 2949 1413 3022 122

182 3172 185 3178 ,
281 3072 436 3150 Κνωσίου
455 3076 554 3171 (ibid.
575 3102 612 3174 Ρ.
633 3077 734 3173 206),
753 3075 848 3150 1148
863 3070 1037 3176 Ὀρδηαος
1055 3077 1156 3173 (ibid.
1173 3103 1210 3172 Ρ.
1230 3077 1413 3172 210,12).

279 3229 347 3278 nec
372 3205 452 3278 sine
476 3206 658 3280 eiusmodi
681 3206 898 3280 auctoritate
922 3203 1052 3279 secisse
1076 3207 1232 3279 arbitror
1256 3215 1299 3278 ut
1318 3207 1415 3301 regis

280 3334 458 3428 Aegyptii
472 3358 618 3420 nomen,
634 3337 733 3428 quod
746 3335 917 3408 scribitur
934 3334 975 3409 in
992 3334 1122 3408 ceteris
1135 3332 1212 3408 fere
1229 3335 1414 3406 codicibus

281 3455 416 3559 Μοῖρις,
449 3463 590 3556 ubique
619 3471 778 3535 mutaret
803 3463 844 3536 in
867 3457 996 3561 Μύριοι
1035 3465 1133 3556 quod
1159 3473 1199 3537 et
1223 3465 1302 3557 ipse
1325 3463 1415 3535 olim

278 3587 479 3683 multiplici
518 3591 835 3685 argumentatione
870 3590 1123 3677 vindicabam,
1167 3615 1268 3664 nunc
1303 3592 1415 3663 debui

280 3719 459 3804 omittere,
488 3743 561 3791 non
588 3721 686 3812 quod
710 3721 834 3792 minus
858 3719 933 3792 iam
951 3721 1125 3813 probetur
1142 3743 1207 3812 per
1225 3720 1414 3814 seipsum,

280 3848 344 3919 sed
360 3847 448 3941 quia
465 3872 488 3918 a
503 3849 576 3920 fide
595 3849 760 3920 codicum
776 3872 895 3942 paene
912 3845 1010 3923 nihil
1026 3848 1140 3922 habet
1157 3847 1341 3941 praesidii.
1377 3856 1416 3920 at

280 3963 552 4074 in'lvraqpirqc
564 3973 603 4071 (Γ
614 3977 673 4049 70.
688 3976 848 4071 118111),
863 3978 962 4069 quod
975 3975 1112 4049 eximie
1127 3974 1194 4048 ille
1206 3977 1417 4052 emendavit

280 4127 347 4197 pro
365 4126 408 4176 eo
426 4106 525 4196 quod
542 4101 663 4178 fuerat
683 4092 911 4202 Ἰνταφέρνης,
939 4128 982 4176 eo
1004 4103 1121 4199 magis
1145 4127 1246 4176 nunc
1268 4128 1415 4198 quoque

281 4233 476 4318 adsentior,
489 4233 587 4326 quod
600 4233 646 4305 de
659 4223 1085 4330 scripturallpropptsqe,
1100 4232 1199 4326 quod
1213 4241 1269 4306 est
1280 4249 1416 4306 nomen

281 4357 385 4432 illius
403 4359 514 4453 plane
533 4359 665 4446 simile,
691 4359 810 4432 multo
828 4368 953 4434 autem
978 4361 1078 4454 apud
1094 4360 1325 4437 Herodotum
1344 4385 1418 4434 usu

280 4488 458 4574 crebrius,
488 4489 563 4560 iam
586 4513 608 4559 a
632 4491 800 4562 codicum
820 4490 893 4562 fide
918 4511 1065 4583 prorsus
1090 4488 1323 4582 exploratum
1347 4499 1414 4563 est.
