3175 5092
277 370 358 416 val
775 349 919 406 Praefatio.

276 527 469 598 emendare
488 549 562 598 non
580 527 758 612 dubitavi,
785 527 840 599 ita
863 526 984 621 ipsum
1001 525 1181 620 impetum
1198 521 1412 620 mingendi,

278 679 351 748 quo
374 651 459 728 olim
485 651 726 741 fervebamus,
748 654 943 741 retardavi,
968 656 1173 749 pedemque
1197 653 1324 728 rettuli
1347 655 1413 727 nbi

277 807 352 856 non
367 807 474 878 posse
490 793 588 856 recte
610 791 751 857 actutu
773 783 921 856 consiati
944 781 1205 878 intellegerem.
1246 783 1413 856 omnino-

276 937 349 1007 que
366 912 458 984 mihi
475 937 549 986 non
566 912 740 1007 opinione
757 911 882 1007 aliqua
904 911 1082 986 subitaria
1105 913 1170 985 oed
1190 912 1413 1007 argumentis

276 1038 399 1112 solidis
431 1041 757 1135 experimentoque
786 1041 960 1114 diuturno
984 1041 1164 1135 persuasi,
1196 1041 1412 1114 emendandi

276 1169 466 1256 rationem,
491 1194 586 1264 quae
611 1171 731 1242 adhuc
749 1169 899 1265 placuit,
925 1179 990 1242 aut
1007 1170 1117 1242 etiam
1133 1167 1280 1264 longius
1297 1170 1414 1264 porri·

275 1299 431 1392 gandam
454 1295 642 1393 multaque
666 1300 884 1372 demetenda
907 1323 996 1384 esse,
1022 1323 1117 1392 qnae
1141 1301 1305 1371 nondum
1330 1298 1413 1371 teti-

276 1427 389 1520 gisset
403 1427 612 1500 criticorum
627 1451 734 1502 saeva
745 1449 888 1513 manus,
901 1435 968 1500 aut
981 1451 1069 1500 vero
1079 1430 1317 1500 coercendam
1330 1449 1411 1500 eam

276 1555 373 1628 intra
390 1563 505 1628 certos
523 1564 693 1650 ratosque
715 1557 826 1642 fines,
850 1555 947 1630 ultra
970 1579 1061 1649 quoe
1086 1557 1210 1649 vagari
1234 1556 1414 1628 sineretur

277 1683 459 1779 quidquid
483 1693 547 1756 aut
576 1693 703 1779 suapte
735 1693 867 1758 natura
894 1709 1027 1779 vagum
1058 1707 1101 1756 ac
1130 1683 1288 1756 liberum
1318 1694 1413 1756 esset

277 1820 440 1884 autnon
463 1823 586 1906 posset
606 1815 686 1887 sine
711 1815 750 1886 vi
773 1812 900 1907 eliqua
922 1814 1087 1907 astringi.
1131 1821 1243 1907 atque
1267 1813 1338 1884 hoc
1359 1811 1412 1882 al-

277 1951 395 2014 terum
413 1943 559 2036 probari
577 1965 680 2036 posse
706 1942 834 2036 peritis
851 1944 1086 2036 modesteque
1104 1942 1352 2016 iudicantibus
1370 1950 1413 2013 ut

276 2093 351 2142 non
369 2068 509 2158 diffido,
524 2072 576 2144 ita
593 2067 669 2142 fore
686 2095 862 2165 umquam
880 2072 926 2144 de
944 2072 1045 2142 ornni
1062 2072 1133 2142 hoc
1149 2095 1282 2165 genere
1298 2071 1412 2142 stabi·

276 2196 349 2270 lem
366 2200 553 2272 doctorum
572 2200 802 2272 concordiam
820 2223 896 2271 non
913 2223 1029 2294 spero.
1061 2223 1130 2272 nec
1147 2200 1246 2271 enim
1260 2201 1413 2272 deerunt

277 2329 342 2420 qui
367 2329 533 2422 ingenita
551 2329 706 2422 quadam
726 2327 857 2402 iudicii
881 2329 1071 2400 atrocitate
1089 2329 1207 2400 dicam
1226 2351 1274 2398 an
1291 2326 1412 2400 illibe-

276 2455 439 2542 tentate,
471 2465 657 2552 tamquam
675 2455 812 2528 Manlii
838 2454 894 2528 illi
925 2465 963 2527 et
992 2456 1147 2550 Papirii,
1179 2457 1413 2549 impatientes

277 2585 457 2679 quidquid
475 2587 670 2678 imperinm
686 2584 923 2678 regulamque
939 2587 1139 2660 detrectare
1157 2585 1278 2658 visum
1289 2582 1413 2668 fuerit,

276 2711 363 2786 forti
381 2737 492 2786 manu
510 2714 645 2788 reuahi
672 2723 782 2810 etque
801 2715 842 2786 in
863 2715 1027 2786 ordinem
1044 2713 1127 2808 cogi
1150 2711 1277 2798 velint,
1296 2714 1412 2785 varie-

276 2851 472 2936 testemque,
482 2843 648 2936 quamvis
661 2839 894 2916 manifestam
903 2867 949 2915 ac
961 2851 1237 2928 testatam,casu
1250 2849 1412 2936 tempore

277 2972 480 3044 temeritate
503 2973 665 3065 denique
691 2971 749 3044 vel
767 2971 971 3055 oscitantia,
997 2979 1040 3042 nt
1056 2971 1174 3057 aiunt,
1200 2971 1411 3056 sentam-nm,

276 3123 352 3170 non
384 3099 570 3174 voluntate
601 3126 643 3174 ac
673 3123 785 3172 mann
815 3099 1000 3192 scriptoris
1036 3097 1170 3171 iactam
1203 3097 1409 3171 clamitent:

277 3226 415 3322 talique
433 3229 590 3302 orationi
607 3229 708 3302 hand
725 3229 838 3302 dubie
862 3226 1041 3320 plaudent
1063 3225 1171 3300 multi
1194 3236 1325 3300 natura
1345 3236 1413 3298 ant

277 3355 474 3450 disciplina
497 3355 634 3432 similes
658 3354 757 3428 tacti.
811 3357 864 3428 sic
893 3357 992 3428 enim
1020 3365 1093 3428 est:
1126 3353 1237 3428 fortia
1266 3354 1413 3448 placent

278 3484 388 3578 vulgo
418 3509 460 3556 ac
491 3484 723 3578 pertinaciter
752 3483 823 3556 sibi
852 3484 1076 3569 commoda,
1114 3485 1285 3577 qnodque
1314 3493 1411 3556 recte

276 3610 446 3686 laudetur
462 3613 501 3684 in
520 3637 559 3684 re
577 3615 736 3706 gerenda
753 3621 863 3705 atque
880 3614 922 3684 in
938 3612 1038 3686 omni
1052 3609 1253 3684 officiorum
1266 3635 1411 3705 genere,

278 3742 375 3814 idem
393 3741 433 3812 in
451 3740 676 3834 exquirenda
700 3742 852 3814 veritate
877 3737 1089 3814 admirabile
1110 3764 1188 3813 esse
1212 3740 1411 3824 munierit,

277 3869 410 3962 hisque
428 3870 637 3962 puaesertim
652 3868 691 3940 in
703 3867 817 3942 literis
829 3893 904 3941 non
917 3870 1093 3962 probatur
1104 3877 1240 3942 temere
1254 3866 1313 3941 vel
1326 3891 1413 3962 pru·

278 3999 483 4072 dentiorum
514 3997 667 4082 iudicio,
699 3998 769 4072 nisi
798 3999 896 4092 qnod
920 4021 986 4090 per
1009 4021 1048 4069 se
1073 3998 1195 4090 ipsum
1218 3996 1413 4090 magnifica

278 4127 436 4220 quadam
466 4125 585 4219 specie
614 4126 777 4199 veritatis
808 4121 1102 4214 commendetur,
1138 4124 1270 4198 veritas
1303 4149 1411 4218 saepe

278 4255 359 4346 ipsa
389 4262 431 4326 ut
456 4252 681 4328 timereriola
709 4251 773 4326 illa
804 4251 1048 4327 fabulatorem
1080 4261 1201 4346 spreta
1232 4251 1413 4326 delitescit

279 4392 425 4476 propter
443 4381 622 4454 incultum
641 4385 824 4476 quendam
848 4383 1018 4454 habitum
1043 4405 1111 4454 nec
1136 4380 1224 4454 satie
1240 4382 1411 4453 decorum

277 4520 342 4582 aut
365 4509 551 4584 usitatum.
603 4511 728 4603 itaque
750 4509 900 4593 fraenant
925 4510 1025 4582 omni
1049 4519 1169 4583 aetate
1192 4517 1231 4582 et
1255 4510 1411 4584 vidimus
