3175 5092
273 373 357 418 xm
766 351 911 406 Praefatio.

275 527 437 623 aliquam
456 529 503 599 ob
522 551 669 600 causam
693 526 926 601 emendabile
950 527 1146 600 iudicaret:
1179 529 1297 600 omnis
1314 527 1405 599 haec

274 681 368 752 quae
387 658 427 730 in
447 658 649 751 Capparet
668 653 848 754 διόρθωσις
871 681 893 729 e
916 679 1051 752 genere
1075 654 1311 730 coniecturali
1335 665 1403 728 est.

274 811 348 881 quo
372 811 453 859 eam
478 785 544 879 qui
568 785 732 856 instituit
756 782 902 857 saeculo
925 785 1073 872 vixerit,
1102 808 1178 856 non
1201 784 1317 879 magis
1340 809 1405 857 ex·

274 913 409 1010 plorari
422 922 556 1008 potest,
571 937 682 1009 quam
700 913 837 1008 quibus
855 913 935 986 eius
952 922 1158 987 commenta
1175 914 1245 986 viis
1264 939 1307 984 ac
1323 921 1405 985 tan-

274 1067 384 1138 quam
410 1041 540 1116 rivulis
565 1043 605 1114 in
632 1042 776 1115 diversa
802 1040 1029 1136 exemplaria
1050 1051 1252 1137 propagata
1282 1049 1321 1114 et
1349 1042 1406 1113 di-

272 1195 396 1267 spersa
419 1171 504 1244 sint.
542 1178 671 1244 extant
695 1179 819 1244 autem
841 1171 977 1242 nonin
993 1195 1070 1242 uno
1091 1172 1133 1257 C,
1158 1172 1222 1243 sed
1245 1169 1406 1264 plurima

272 1300 497 1374 transierunt
520 1299 560 1370 in
578 1323 664 1372 eum
680 1297 818 1370 librum
843 1325 867 1371 a
883 1323 955 1393 quo
976 1299 1015 1371 P
1028 1301 1205 1372 deductus
1230 1307 1297 1385 est,
1323 1323 1407 1392 per-

272 1426 389 1501 multa
405 1428 518 1501 etiam
536 1427 576 1500 in
595 1427 743 1502 tertium
763 1430 948 1522 quendam
966 1425 1044 1526 (Θ),
1072 1429 1171 1500 unde
1188 1427 1268 1499 eius
1294 1451 1404 1521 quem

271 1555 462 1630 dicimusd
471 1557 589 1629 maior
600 1556 781 1650 pars,h.e.
792 1555 879 1629 inde
892 1555 953 1628 aB
966 1556 1049 1642 134,
1058 1555 1222 1629 defluxit:
1238 1562 1281 1628 ut
1292 1556 1404 1628 trium

271 1687 403 1758 horum
411 1686 679 1779 oodicumquae
691 1709 791 1758 nunc
802 1681 930 1758 multis
938 1683 1028 1756 locis
1036 1691 1189 1778 apparet
1196 1684 1405 1756 communio

271 1839 347 1888 non
365 1815 489 1909 stirpis
510 1817 558 1887 sit
577 1837 698 1908 neque
713 1838 874 1886 errorum
889 1815 953 1886 sed
966 1811 1261 1907 interpolationis
1275 1822 1312 1884 et
1326 1839 1406 1886 cor·

269 1945 485 2018 rectionum.
518 1945 564 2016 de
577 1943 719 2039 origine
733 1951 857 2016 autem
874 1943 945 2014 hcc
961 1941 1055 2014 mihi
1073 1941 1251 2035 dispicere
1265 1943 1405 2029 videor,

270 2097 421 2146 manum
444 2071 686 2146 διασκευαστοῦ
718 2071 758 2144 in
784 2096 828 2144 eo
852 2072 933 2165 ipso
957 2069 1054 2144 libro
1077 2069 1299 2166 expoliendo
1323 2095 1406 2145 ver-

269 2211 385 2276 satam
402 2225 495 2288 esse,
521 2201 689 2272 adonius
711 2199 923 2293 exemplum
947 2208 1076 2295 postea
1095 2200 1128 2271 0
1150 2199 1309 2293 scriptus
1330 2208 1404 2273 est:

270 2333 311 2404 in
329 2355 404 2426 quo
420 2354 504 2404 cum
522 2327 683 2424 plurima
706 2329 760 2401 ita
777 2327 949 2424 legantur
972 2327 1082 2401 sicuti
1104 2327 1144 2400 in
1161 2326 1229 2401 illo
1245 2339 1406 2402 correcta

270 2469 386 2545 erant,
411 2466 499 2532 sunt
516 2466 640 2531 tamma
659 2459 705 2530 ad
722 2481 817 2552 quac
834 2481 921 2530 cum
936 2455 1107 2530 libratim
1127 2456 1224 2530 inter
1242 2458 1405 2531 scriben-

270 2591 358 2662 dum
383 2612 459 2660 non
484 2587 700 2660 advertisset
722 2585 866 2684 γραφάς,
889 2587 932 2660 in
955 2585 1185 2681 marginibus
1210 2586 1342 2679 opinor
1367 2596 1406 2660 et

269 2718 527 2804 interversor,
552 2715 764 2810 adscriptas,
792 2715 984 2809 postmodo
1007 2714 1158 2809 repetiit
1180 2737 1293 2808 supra
1316 2716 1405 2788 scri-

268 2891 399 2964 bendo.
441 2883 565 2961 Asos
584 2860 752 2986 stippa
771 2888 814 2974 c,
833 2883 991 2985 scaea
1014 2885 1060 2958 Ρ.
1096 2885 1217 2958 nna
1236 2833 1404 2984 {iaaa-

268 3071 335 3164 χῆς
351 3051 535 3149 caesas
555 3055 720 3160 ἀρχῆςΡ.
744 3058 815 3130 123
830 3020 965 3130 aazia
976 3058 1017 3140 c,
1032 3057 1147 3156 maa
1159 3056 1205 3128 P.
1225 3058 1323 3130 nem
1337 3057 1405 3128 he

268 3216 329 3263 mo
344 3189 531 3286 operarius
543 3211 628 3262 cum
640 3185 780 3260 alicubi
794 3187 836 3258 in
846 3184 941 3258 libro
954 3184 1019 3256 illo
1030 3185 1207 3279 scriptum
1220 3185 1406 3258 inveniret

269 3323 412 3460 sportis
442 3322 541 3459 dpbn
574 3321 777 3458 desipuerint,
812 3353 909 3429 male
933 3354 1092 3450 diligens
1117 3353 1207 3429 talia
1234 3357 1405 3450 procudit

268 3498 446 3563 monstra:
474 3485 635 3586 ἐφοίτων
656 3486 704 3582 (A
725 3486 784 3559 96.
813 3483 839 3556 Δ
862 3486 892 3557 1.
920 3481 1031 3579 Its),
1057 3483 1174 3582 ὥριων
1200 3481 1239 3581 (Δ
1258 3485 1292 3558 3.
1318 3487 1401 3559 134.

268 3615 378 3691 Ε29.
400 3615 479 3712 91),
511 3613 716 3714 ἐπηρώτων
747 3607 789 3709 (Ε
814 3611 888 3710 82).
945 3611 1036 3684 hinc
1066 3611 1177 3685 simul
1207 3616 1404 3709 expeditur

268 3747 366 3842 quod
383 3745 484 3817 haud
501 3767 621 3838 pauca
637 3741 678 3814 in
699 3741 739 3815 P
753 3740 814 3816 vel
829 3743 871 3814 in
891 3741 953 3815 Pd
967 3767 1015 3815 ex
1033 3743 1161 3815 eodem
1178 3738 1281 3815 fonte
1306 3745 1403 3817 deri-

266 3885 352 3948 vata
368 3873 543 3970 legrmtur
561 3895 655 3966 quae
673 3871 714 3944 iu
735 3871 860 3944 Onon
877 3879 973 3944 sumt.
1019 3894 1106 3943 nam
1131 3873 1229 3966 quod
1255 3897 1321 3966 per
1344 3872 1404 3947 ul-

267 4003 375 4079 timos
393 4001 506 4075 libros
523 4001 641 4095 magis
659 4001 849 4096 magisque
865 4001 1016 4073 rarescit
1041 4000 1260 4087 emendatio,
1286 4002 1403 4096 ipsius

267 4134 332 4229 qui
354 4130 518 4205 instituit
540 4129 646 4201 ardor
669 4130 816 4202 videtur
838 4125 1034 4203 refrixisse.
1064 4153 1191 4223 ¹quem
1213 4131 1403 4204 hominem

265 4260 378 4335 fuisse
391 4260 670 4357 grammaticum
683 4283 758 4332 non
772 4259 986 4353 imperitum
999 4267 1037 4330 et
1050 4266 1195 4351 praeter
1207 4257 1325 4331 multa
1338 4269 1404 4332 aut

266 4389 418 4464 inutilia
435 4396 501 4462 aut
518 4386 611 4462 falsa
628 4386 810 4461 nonnulla
825 4396 950 4460 tamen
966 4394 1065 4458 recte
1084 4394 1148 4458 aut
1161 4386 1403 4480 probabiliter

265 4519 549 4606 administrasse,
575 4519 632 4591 uti
656 4517 757 4588 haud
782 4541 889 4612 aegre
913 4516 1115 4590 concedent
1139 4517 1205 4612 qui
1228 4515 1400 4614 exempla
