3175 5092
663 333 806 387 Praelatio.
1248 354 1306 398 xm

170 509 349 596 videatur,
369 509 468 601 quod
486 532 584 580 nunc
603 510 830 582 intercidisse
848 511 1102 603 comperimus,
1121 507 1307 604 singulare

170 639 216 709 de
235 634 331 708 sacto
350 636 476 730 aliquo
494 636 671 730 singulari
690 636 906 730 capitulum.
942 662 1050 732 porro
1068 640 1114 710 de
1130 638 1304 710 librorum

169 773 208 838 et
224 765 334 837 initio
353 774 391 838 et
409 765 514 838 exitu
537 789 610 858 quo
635 765 675 836 in
701 767 949 860 perpetuitate
975 767 1148 838 orationis
1172 767 1306 839 melius

168 901 364 980 constaret,
390 894 576 988 provisum
602 892 676 966 fuit
699 896 842 967 ratione
869 897 1027 990 quadam
1051 895 1217 968 sollerter
1240 919 1306 966 ex-

166 1022 347 1116 cogitata,
375 1047 486 1116 quam
511 1023 551 1094 in
577 1021 658 1094 aliis
684 1025 942 1096 animadvertit
965 1025 1105 1118 primus
1129 1025 1170 1096 ni
1197 1023 1307 1096 fallor

167 1155 259 1222 Otto
289 1151 386 1223 Iahn
416 1151 458 1222 in
483 1151 668 1246 Philologi
697 1159 783 1224 tom.
805 1152 886 1222 XII
916 1177 952 1246 p.
975 1156 1068 1240 506,
1100 1153 1306 1247 atquibus

166 1280 326 1374 quisque
354 1279 448 1351 liber
477 1280 596 1352 verbis
627 1280 876 1367 clauderetur,
907 1283 1034 1353 eadem
1058 1283 1099 1354 in
1123 1282 1305 1376 principio

166 1409 329 1502 proximi
363 1409 551 1502 sequentis
575 1410 812 1480 iterarentur:
844 1411 943 1503 quod
968 1435 1067 1483 nunc
1092 1411 1240 1505 quidem
1264 1411 1304 1482 in

166 1537 340 1608 omnibus
359 1536 545 1608 codicibus
563 1539 797 1609 observatum
814 1538 979 1610 videmus
997 1539 1038 1610 in
1057 1537 1094 1610 θ.
1110 1541 1142 1626 Ι,
1162 1549 1305 1634 praeter

167 1665 205 1736 P
220 1673 264 1738 ut
283 1665 467 1736 tamenin
485 1689 529 1738 eo
547 1665 628 1759 ipso
647 1666 846 1760 vestigium
864 1675 1052 1760 appareat,
1070 1667 1112 1739 in
1129 1667 1160 1738 B
1180 1676 1303 1740 autem

164 1801 201 1865 et
224 1790 262 1863 Γ.
285 1788 323 1863 Δ.
345 1791 371 1864 Ζ
396 1795 443 1864 ab
468 1817 543 1865 nno
569 1793 605 1864 R
629 1795 693 1866 sed
718 1795 770 1866 ita
794 1795 1030 1868 immutatum
1056 1805 1117 1882 ut,
1143 1821 1238 1892 quae
1263 1797 1303 1868 in

86 1901 91 1906 ¹
163 1921 347 2015 principio
359 1921 773 2016 ornusquelegantur‚ea
783 1924 936 1996 exeunti
946 1926 1114 2018 proximo
1126 1926 1304 2018 superiori

163 2050 292 2122 addita
315 2050 400 2122 sint.
454 2051 494 2122 in
520 2050 747 2145 marginibus
772 2076 858 2124 vero
881 2051 1033 2125 filerunt
1056 2063 1095 2126 et
1117 2056 1305 2126 samaia

162 2203 276 2251 rerum
296 2187 477 2273 perpetua
500 2188 538 2251 et
554 2179 679 2252 scholia
704 2180 806 2253 haud
829 2178 1047 2275 frequentia.
1091 2180 1159 2254 illa
1182 2185 1304 2256 tenuit

163 2305 197 2378 A
222 2309 254 2378 si
273 2307 399 2378 minus
423 2307 568 2403 integra
592 2316 630 2380 et
654 2317 799 2396 cuncta,
820 2351 866 2362 -
894 2320 1085 2384 rarescunt
1109 2312 1209 2384 enim
1234 2320 1302 2384 aut

162 2435 416 2508 intermittunt
432 2459 691 2532 nonnusquam
709 2438 828 2510 nimio
845 2438 1053 2527 intervallo,
1073 2439 1175 2513 velut
1189 2440 1221 2511 B
1236 2441 1297 2512 94.

162 2560 188 2633 Δ
210 2567 267 2638 11.
295 2565 356 2637 36.
377 2561 408 2635 Η
428 2566 512 2650 168,
530 2565 711 2638 incertum
727 2591 775 2637 an
792 2566 933 2661 inipso
951 2567 979 2639 Ω
997 2609 1058 2655 -,
1076 2569 1301 2663 certelonge

161 2692 395 2787 plenissima:
420 2719 440 2766 e
460 2717 533 2788 quo
551 2717 650 2766 nunc
667 2694 829 2787 primum
854 2696 953 2770 edidi
974 2698 1154 2770 rarissime
1177 2721 1301 2770 emen-

160 2823 322 2894 dationis
339 2821 561 2916 indigentia,
586 2822 714 2916 paucis
739 2823 852 2895 etiam
877 2825 990 2897 eBR
1014 2827 1217 2919 adsumptis
1241 2825 1301 2898 vel

162 2931 339 3023 adauctis.
393 2951 531 3022 scholia
556 2961 680 3024 autern
705 2960 852 3025 vetusta
874 2952 993 3026 multo
1023 2979 1111 3048 prae
1141 2977 1301 3026 summa-

161 3078 296 3151 riorum
317 3079 458 3151 ambitu
473 3080 641 3173 ¹parciora
657 3078 733 3152 fere
759 3105 857 3153 unus
874 3083 912 3154 B
935 3083 1105 3168 servavit,
1130 3083 1302 3156 distincta

162 3205 249 3278 olim
275 3205 424 3279 abillis
449 3207 509 3280 vel
534 3209 657 3280 addito
682 3180 745 3307 οἷο
772 3210 848 3283 sive
872 3203 919 3308 αἱ
944 3209 1058 3306 sigla,
1090 3214 1188 3306 quod
1213 3236 1300 3284 con-

161 3335 293 3408 iectare
313 3333 400 3408 licet
418 3361 465 3408 ex
483 3335 532 3424 A,
551 3337 610 3409 vel
627 3337 763 3432 dispari
781 3363 915 3433 genere
931 3339 1148 3412 litterarum.

260 3465 316 3536 Et
334 3465 425 3538 haec
444 3465 591 3559 quidem
609 3467 654 3538 de
672 3473 826 3539 externa
838 3468 1043 3564 Archetypi
1059 3466 1177 3541 forma
1193 3472 1298 3542 certis

161 3601 334 3686 poterant
350 3593 494 3665 indiciis
512 3593 706 3688 explorari.
751 3595 834 3690 ipsa
849 3620 937 3669 vero
961 3598 1002 3668 in
1026 3623 1070 3670 eo
1087 3600 1200 3671 verba
1223 3625 1298 3672 non

161 3745 274 3793 vacua
305 3719 419 3794 fuisse
450 3722 551 3795 varia
580 3723 664 3796 labe
696 3733 733 3797 et
764 3725 970 3819 corruptela
1001 3751 1069 3799 nec
1106 3726 1298 3800 mirabitur

161 3851 356 3945 quisquam
374 3875 442 3923 nec
459 3852 682 3924 dubitabunt
705 3852 776 3924 nisi
799 3878 930 3947 parum
951 3855 991 3925 in
1008 3855 1067 3926 his
1084 3855 1199 3928 literis
1217 3881 1298 3929 var·

160 3979 236 4050 sati.
265 4005 336 4052 nec
348 3981 393 4052 de
407 3980 670 4054 emendationis
683 3991 820 4055 eventu
834 3983 1112 4076 desperandum,
1126 3986 1235 4056 modo
1249 4011 1296 4058 ne

161 4115 402 4181 correctorum
427 4108 491 4181 ille
514 4109 638 4203 aliqua
661 4111 843 4184 constanti
862 4111 1145 4206 interpolatione
1167 4114 1297 4208 genui-

160 4237 580 4350 nameaueritspeaiem.
601 4241 699 4333 quod
709 4263 785 4312 non
796 4237 936 4312 lactum
947 4241 1111 4328 arbitror,
1121 4251 1220 4315 certe
1232 4269 1298 4315 cur

161 4366 362 4459 suspicarer
380 4384 456 4438 non
473 4367 607 4440 inveni.
654 4393 740 4440 nam
766 4368 1019 4442 additioiorum
1044 4394 1198 4444 numero
1220 4397 1296 4444 non

160 4489 448 4590 infrequentiam
470 4519 514 4566 aa
538 4504 594 4570 est
612 4496 800 4570 diversitas
823 4506 860 4569 et
885 4499 1015 4570 aetatis
1039 4508 1294 4599 eteausarum
