3175 5092
645 357 791 414 Praelatio.
1184 375 1294 421 mm

153 532 299 627 qualem
316 555 402 604 cum
419 533 493 606 AB
511 535 670 608 servavit
687 532 762 606 fere
780 534 836 620 R,
864 542 930 604 aut
951 532 1100 604 omnino
1125 556 1201 606 non
1219 532 1293 604 dis·

155 660 306 734 solvunt
329 662 605 737 terminationes
632 673 696 736 aut
720 687 821 735 raro:
856 660 1004 734 solvunt
1030 669 1172 748 autem,
1198 682 1294 752 quae

154 794 264 865 modo
281 791 441 878 solvunt,
460 817 537 864 non
555 793 595 864 in
612 817 659 864 ιω
678 792 787 888 (quae
799 790 873 864 fuit
889 791 1142 867 Ocorreotoris
1156 789 1294 885 opinio)

155 945 285 994 verum
309 922 349 994 in
375 947 429 1004 eo,
457 931 601 1016 praeter
627 947 743 996 unum
768 921 936 1020 χρίωμαι.
982 946 1051 994 nec
1075 923 1142 992 n'os
1165 918 1296 992 dissol—

156 1051 376 1186 vimuslnisi
398 1075 553 1146 quorum
576 1076 749 1146 expressa
770 1060 940 1125 extarent
954 1051 1117 1146 vestigia
1141 1048 1296 1122 dissolu—

154 1180 278 1266 tionis,
305 1181 352 1251 ad
374 1205 468 1274 quae
492 1179 635 1276 reliqna
652 1182 754 1254 verbi
777 1183 957 1276 cuiusque
973 1179 1144 1255 formatio
1162 1181 1295 1274 proba—

152 1307 279 1386 biliter
304 1310 451 1382 institui
476 1320 608 1405 posset.
672 1332 770 1406 ergo-
784 1319 850 1382 ant
873 1311 1093 1382 retinuimus
1121 1306 1296 1382 dissoluta

153 1448 217 1512 aut
235 1437 467 1512 dissolvimus
485 1441 561 1534 ipsi
582 1441 724 1539 εἰρωτᾶν
743 1443 850 1533 κομᾶν
869 1438 1089 1536 μηχανᾶσθαι
1107 1438 1187 1537 ὁρᾶν
1215 1437 1295 1533 [nec

153 1593 239 1644 vero
263 1566 522 1662 imperfectum
547 1569 645 1667 ὥρων
670 1570 711 1642 in
736 1591 881 1641 summa
902 1567 1111 1664 frequentia
1140 1591 1183 1638 ac
1206 1591 1296 1640 con-

153 1699 291 1774 stantia
312 1697 541 1795 scripturae),
568 1697 783 1792 σταθμᾶσθαι
802 1698 930 1791 τσλμᾶν
948 1700 1085 1794 φοιτᾶν,
1110 1716 1179 1769 nec
1204 1699 1296 1769 haec

153 1851 276 1922 pauca
291 1829 373 1922 pari
392 1828 518 1900 omniu
536 1827 768 1903 confidentia.

255 1957 342 2028 Non
377 1957 615 2030 exhausimus
650 1957 770 2038 adhuc
812 1953 1056 2050 multiplicem
1093 1953 1295 2046 anomaliae

150 2087 356 2172 materiam,
374 2111 444 2159 neo
462 2086 683 2181 attingemus
702 2086 742 2158 in
760 2086 970 2180 praesentia
989 2086 1064 2158 nisi
1080 2085 1196 2180 digito
1215 2111 1295 2158 ver

103 2253 115 2278 ·
149 2218 283 2290 borum
301 2217 342 2289 in
363 2243 399 2308 μι
424 2216 625 2310 ancipitem
648 2215 859 2301 flexionem,
886 2213 988 2289 velut
1005 2211 1117 2312 ἵστησι
1136 2253 1185 2269 -ψ
1205 2216 1291 2312 ἱστᾷ,

151 2343 226 2442 ἵστη
250 2385 300 2398 «-
320 2341 405 2428 ἵστα,
432 2353 497 2418 ant
522 2345 715 2418 nominum
740 2345 881 2439 primae
903 2343 1159 2418 declinationis
1179 2334 1223 2416 in'
1237 2369 1290 2441 ης,

149 2481 298 2568 praeter
328 2449 400 2546 duo
433 2473 658 2570 appellativa
688 2470 866 2573 (ἀκινάκης
896 2473 1091 2572 δεσπότης),
1128 2461 1295 2567 proprio,—

150 2629 235 2680 rum
271 2605 498 2679 accusativos
528 2606 627 2677 inter
657 2627 698 2676 τα
728 2612 767 2676 et
797 2625 840 2701 ην
872 2603 1094 2676 θααιὲιτααιαε
1127 2603 1292 2696 (Bredas.

152 2759 186 2827 p.
208 2733 287 2806 223
315 2733 426 2828 sqq),
463 2739 555 2828 'quos
582 2755 743 2828 nequeas
766 2733 841 2804 nisi
866 2733 904 2805 vi
930 2733 1088 2826 quadam
1117 2739 1296 2826 perpetua

150 2887 378 2958 exaequans,
421 2863 636 2957 praesertim
671 2887 756 2934 cum
789 2861 948 2946 librarii,
993 2885 1150 2957 quorum
1185 2859 1295 2955 pulpa

149 2994 322 3074 iactatur,
346 2994 387 3064 in
406 2993 513 3072 tertia
531 2991 777 3075 declinatione
800 2991 875 3063 n'on
893 2991 1148 3084 aberraverint
1169 2989 1246 3082 fere
1272 3013 1294 3059 a

150 3122 487 3196 terminationem:
523 3131 590 3194 aut
607 3123 800 3194 nominum
825 3121 866 3193 in
889 3147 919 3200 ιι
943 3122 1192 3194 accusativum
1208 3117 1293 3214 plu-

149 3252 267 3324 ralem
288 3261 365 3324 tum
385 3253 425 3324 in
445 3279 473 3331 ις
492 3259 570 3324 turn
588 3251 629 3322 in
650 3275 703 3331 ιας
718 3252 879 3337 finitum,
899 3249 1044 3345 aliaque
1057 3251 1136 3323 eins
1149 3251 1293 3344 generis

149 3407 222 3454 non
241 3381 493 3476 permittenda
510 3381 623 3455 nimio
638 3379 831 3475 analogiae
849 3382 982 3452 studio.

251 3512 355 3582 Sunt·
370 3519 515 3604 praeter
540 3507 606 3582 illa
628 3512 742 3582 etiam
768 3511 810 3581 in
835 3509 969 3605 quibus
992 3533 1069 3585 non
1094 3512 1249 3604 scriptor
1272 3533 1295 3580 a

150 3665 216 3713 sua
240 3641 529 3725 consuetudine,
555 3641 619 3711 sed
643 3640 724 3732 ipsa
749 3638 929 3711 dialectos
953 3665 977 3710 a
1000 3663 1066 3710 sua
1094 3651 1228 3715 natura
1251 3665 1294 3712 ac

149 3769 230 3865 lege
262 3769 458 3842 descivisse
491 3769 677 3855 videatur,
708 3777 752 3840 ut
782 3777 909 3842 tamen
937 3771 977 3840 in
1003 3770 1085 3862 ipsa
1107 3768 1294 3848 anomalia

151 3899 358 3972 communis
377 3899 556 3992 quaedam
579 3923 688 3970 causa
712 3908 888 3992 appareat
913 3899 1112 3992 repetenda
1128 3897 1193 3970 illa
1210 3899 1292 3992 qni-

150 4031 245 4116 dam,
264 4029 307 4102 ni
323 4025 421 4098 fallit
439 4027 576 4121 opinio,
591 4051 613 4097 a
626 4026 663 4100 vi
682 4036 719 4099 et
736 4027 877 4101 ratione
896 4038 1079 4113 accentus,
1098 4037 1208 4121 atque
1227 4053 1293 4122 per

151 4183 299 4232 omnem
318 4181 524 4257 sermonem
536 4181 707 4251 graecum
726 4179 801 4228 non
819 4158 981 4229 obscuris
999 4156 1143 4228 indiciis
1162 4157 1294 4228 diffusa

152 4289 236 4382 (vid.
256 4287 411 4360 Lobeck
428 4286 582 4358 rhemat.
603 4311 640 4380 p.
660 4283 743 4358 1434
763 4286 847 4360 148.
875 4284 1052 4358 Meinelre
1070 4287 1117 4356 ad
1135 4281 1289 4357 Theocr.

151 4417 189 4488 II
208 4419 245 4503 3,
265 4425 306 4490 et
324 4418 370 4488 de
386 4413 512 4487 latinis
526 4417 742 4486 Lachmann
756 4416 801 4486 ad
816 4416 962 4487 Lucret.
977 4439 1014 4509 p.
1026 4413 1099 4508 36).
1135 4436 1158 4483 a
1174 4418 1293 4493 νοῦσος

152 4549 303 4618 nomine
339 4546 519 4618 natantur
553 4543 773 4638 productum
808 4543 918 4615 νασὲαι
954 4545 1108 4617 verbum
1143 4552 1292 4634 tamque
