3175 5092
287 335 334 384 xx
793 316 939 374 Praelatio.

288 496 329 566 in
347 496 417 566 hoc
434 493 548 567 suerit
567 519 678 590 quam
696 496 736 567 in
750 495 879 568 ceteris
893 494 1124 568 librariorum
1139 519 1238 581 eura,
1256 496 1319 568 sed
1338 496 1427 589 quia

289 620 395 696 solito
426 621 573 718 plenius
605 633 642 696 et
672 621 821 718 planius
853 625 1094 696 demonstrari
1123 631 1259 718 potest,
1291 624 1426 719 quibus

289 752 449 824 maxime
468 753 585 824 causis
604 761 714 846 atque
733 753 823 825 adeo
840 754 1014 847 gradibus
1033 755 1079 824 ad
1095 753 1193 824 hanc
1210 753 1425 825 varietatem

288 882 486 954 deventum
521 882 578 952 sit.
650 906 718 953 neo
753 880 865 952 latuit
898 882 984 954 iude
1023 905 1046 952 a
1074 878 1321 975 Wesselingio
1353 881 1425 954 duo

288 1010 439 1082 omnino
462 1033 541 1081 esse
567 1009 734 1082 codicum
755 1033 902 1104 genera,
926 1034 1044 1082 unum
1069 1011 1168 1104 quod
1184 1008 1319 1081 ABCd
1339 1033 1425 1080 con-

287 1139 444 1210 tinetur:
467 1179 512 1190 —
541 1137 711 1232 namqui
737 1161 759 1207 a
782 1137 888 1209 nobis
906 1137 1017 1210 ABG
1037 1138 1234 1234 significati
1259 1146 1361 1224 sunt,
1384 1138 1422 1208 in

288 1291 331 1340 eo
346 1275 537 1361 apparatu,
553 1291 663 1361 quem
678 1262 906 1346 Gaisfordius
920 1292 940 1338 e
954 1263 1068 1360 copiis
1082 1267 1311 1360 superiorum
1326 1289 1424 1336 com-

287 1395 420 1489 posuit,
430 1394 555 1468 MPF
563 1393 698 1466 litteris
711 1403 897 1482 notantur,
905 1391 1029 1466 locum
1042 1395 1423 1467 autemParisinorum

287 1525 385 1617 apud
403 1521 508 1594 illum
532 1521 576 1594 bd
600 1521 648 1617 (n.
673 1523 781 1595 1634.
803 1521 916 1617 2933)
942 1523 1017 1594 iam
1039 1520 1274 1596 Florentinus
1299 1532 1423 1596 noster

285 1651 311 1723 d
337 1652 547 1746 integritate
579 1649 651 1722 illis
685 1651 805 1745 potior
836 1651 1046 1744 occupavit:
1073 1693 1118 1703 -
1150 1648 1307 1724 alterum
1337 1676 1422 1724 vero

285 1804 402 1876 genus
421 1781 472 1866 id,
498 1779 601 1851 euius
620 1777 845 1873 exemplaria
869 1803 969 1851 nune
994 1781 1135 1873 optima
1152 1804 1230 1853 esse
1250 1780 1422 1873 apparuit

285 1917 323 1982 et
346 1908 393 1994 P,
417 1908 481 2003 qui
504 1916 560 1980 est
578 1904 778 1980 Gaisfordii
802 1931 836 1989 a,
864 1916 902 1980 et
919 1907 967 1988 R,
994 1908 1099 1979 euius
1122 1908 1239 1981 vicem
1265 1909 1422 1980 antehac

283 2035 604 2109 Saneroftianuss
636 2061 679 2107 ae
702 2035 1000 2108 vindobonensis
1024 2061 1045 2107 v
1081 2036 1324 2108 obtinuerunt
1353 2033 1421 2107 ali-

283 2173 421 2260 quanto
446 2164 652 2236 deteriores,
716 2165 761 2235 de
791 2187 968 2258 generum
997 2163 1110 2260 igitur
1142 2163 1319 2237 divisione
1351 2165 1421 2236 etsi

284 2293 432 2366 omnino
457 2302 556 2364 recte
582 2294 824 2377 statuebatur,
849 2289 1049 2386 plurimum
1072 2300 1196 2364 tamen
1221 2292 1420 2366 dubitatio-

282 2423 341 2492 nis
372 2421 575 2514 errorisque
611 2421 829 2492 nascebatur
861 2419 948 2491 inde
984 2422 1080 2513 quod
1115 2418 1199 2492 libri
1234 2422 1418 2494 interdum

282 2551 393 2622 fidem
411 2555 645 2634 commutare,
668 2548 806 2643 quique
823 2547 1041 2642 plerumque
1059 2549 1146 2620 soeii
1163 2549 1259 2622 inter
1276 2574 1314 2622 se
1332 2575 1419 2621 eon-

281 2679 480 2772 cordesque
498 2701 575 2750 esse
593 2675 765 2763 solerent,
790 2678 892 2749 haud
914 2701 997 2748 raro
1014 2677 1133 2750 eidem
1155 2677 1358 2751 discordare
1376 2704 1418 2749 ac

280 2807 425 2880 diversa
439 2805 543 2902 sequi
556 2805 661 2900 signa
673 2805 902 2879 videbantur.
924 2815 962 2878 et
974 2804 1074 2878 vides
1087 2804 1250 2900 profecto
1264 2805 1416 2902 singulis

280 2959 398 3030 paene
423 2932 566 3030 paginis
591 2958 691 3005 nuno
714 2933 850 3005 ABCd
872 2959 956 3006 oum
977 2934 1059 3020 PR,
1086 2959 1195 3030 saepe
1216 2934 1312 3006 CPd
1333 2961 1417 3007 cum

279 3063 403 3150 ABR,
428 3061 638 3156 saepissime
662 3085 749 3134 vero
774 3086 891 3133 unum
916 3062 954 3133 R
979 3086 1062 3133 cum
1087 3062 1216 3136 oeteris
1246 3064 1416 3136 omnibus

279 3192 494 3285 discrepare.
532 3213 626 3284 quae
643 3214 700 3264 res
719 3214 803 3262 eum
822 3215 887 3284 per
904 3215 942 3264 se
959 3191 1053 3262 mira
1069 3201 1163 3263 esset
1181 3188 1415 3286 difficilisque

278 3318 477 3415 explicatu,
498 3318 711 3413 praesertim
730 3343 814 3390 cum
831 3343 880 3391 ne
898 3327 1081 3392 constaret
1098 3319 1247 3412 quidem
1265 3321 1351 3391 satis
1369 3323 1415 3393 de

277 3444 505 3544 singulorum
523 3455 669 3541 praeter
691 3448 783 3519 duos
806 3448 855 3519 Os
879 3448 1064 3529 memoria,
1092 3456 1172 3520 tum
1197 3472 1283 3521 vero
1307 3473 1414 3523 omne

277 3579 323 3650 de
341 3575 519 3671 dignitate
544 3576 722 3669 cuiusque
741 3601 784 3648 ae
801 3576 964 3669 pondere
981 3575 1158 3648 iudicium
1176 3579 1415 3670 perturbabat

278 3715 388 3800 atque
415 3703 505 3776 adeo
530 3703 765 3798 impediebat,
791 3729 860 3776 nec
886 3703 1010 3778 extitit
1027 3706 1149 3777 adhuc
1167 3705 1232 3800 qui
1260 3731 1413 3801 appara-

276 3843 336 3907 tus
362 3829 610 3906 Gaisfordiani
642 3831 885 3925 promiscuam
913 3841 953 3905 et
980 3830 1170 3905 ooufusam
1200 3833 1412 3908 varietatem

274 3959 476 4035 illustraret
500 3969 538 4034 et
563 3961 611 4032 ad
628 3983 737 4031 usum
762 3961 1028 4034 emendationis
1052 3962 1215 4056 exigeret
1233 3974 1297 4035 aut
1314 3975 1413 4036 certe

274 4091 320 4163 de
334 4081 561 4184 singulorum
577 4086 754 4160 librorum
772 4088 932 4162 utilitate
951 4099 1051 4163 recto
1069 4090 1205 4162 iudicio
1223 4100 1411 4165 statueret.

275 4217 365 4313 quid
393 4217 492 4290 enim
524 4217 705 4290 attinebat
728 4215 788 4291 vel
812 4217 850 4289 A
875 4218 935 4290 vel
964 4219 999 4290 0
1028 4218 1324 4292 Florentinorum
1352 4220 1412 4294 vel

273 4343 520 4420 Saneroftiani
548 4345 811 4441 praestantiam
840 4347 992 4432 iactare,
1031 4347 1102 4418 nisi
1126 4347 1236 4420 simul
1261 4350 1412 4421 demon—

272 4484 404 4550 strares
435 4484 573 4547 certam
603 4471 761 4567 aliquam
793 4473 913 4568 legem
946 4501 987 4545 ac
1012 4499 1196 4563 normam,
1227 4478 1412 4570 adquam
