<?xml version="1.0" encoding="UTF-8"?>
<!DOCTYPE html PUBLIC "-//W3C//DTD XHTML 1.0 Transitional//EN"
    "http://www.w3.org/TR/xhtml1/DTD/xhtml1-transitional.dtd">
<html xmlns="http://www.w3.org/1999/xhtml" xml:lang="en" lang="en">
 <head>
  <title>
</title>
<meta http-equiv="Content-Type" content="text/html;charset=utf-8" />
  <meta name='ocr-system' content='tesseract 3.04.00' />
  <meta name='ocr-capabilities' content='ocr_page ocr_carea ocr_par ocr_line ocrx_word'/>
</head>
<body>
  <div class='ocr_page' id='page_1' title='image "./herodotihistori01steigoog_0048.png"; bbox 0 0 3175 5092; ppageno 0'>
   <div class='ocr_carea' id='block_1_1' title="bbox 265 335 907 400">
    <p class='ocr_par' dir='ltr' id='par_1_1' title="bbox 265 335 907 400">
     <span class='ocr_line' id='line_1_1' title="bbox 265 335 907 400; baseline -0.014 0"><span class='ocrx_word' id='word_1_1' title='bbox 265 355 337 400; x_wconf 77' lang='lat' dir='ltr'><strong>xml</strong></span> <span class='ocrx_word' id='word_1_2' title='bbox 759 335 907 391; x_wconf 70' lang='lat' dir='ltr'><strong>Praefatio.</strong></span> 
     </span>
    </p>
   </div>
   <div class='ocr_carea' id='block_1_2' title="bbox 199 511 1401 3540">
    <p class='ocr_par' dir='ltr' id='par_1_2' title="bbox 199 511 1401 3540">
     <span class='ocr_line' id='line_1_2' title="bbox 199 511 1398 608; baseline 0.003 -26"><span class='ocrx_word' id='word_1_3' title='bbox 199 585 201 590; x_wconf 67' lang='grc'>,</span> <span class='ocrx_word' id='word_1_4' title='bbox 263 520 307 583; x_wconf 91' lang='lat' dir='ltr'><strong>ut</strong></span> <span class='ocrx_word' id='word_1_5' title='bbox 332 511 528 584; x_wconf 81' lang='lat' dir='ltr'><strong>accrevisse</strong></span> <span class='ocrx_word' id='word_1_6' title='bbox 554 512 732 606; x_wconf 82' lang='lat' dir='ltr'><strong>paulatim</strong></span> <span class='ocrx_word' id='word_1_7' title='bbox 757 512 1002 606; x_wconf 84' lang='lat' dir='ltr'><strong>complurium</strong></span> <span class='ocrx_word' id='word_1_8' title='bbox 1031 537 1144 608; x_wconf 84' lang='lat' dir='ltr'><strong>opera</strong></span> <span class='ocrx_word' id='word_1_9' title='bbox 1174 523 1315 587; x_wconf 86' lang='lat' dir='ltr'><strong>eertum</strong></span> <span class='ocrx_word' id='word_1_10' title='bbox 1338 516 1398 586; x_wconf 90' lang='lat' dir='ltr'><strong>sit.</strong></span> 
     </span>
     <span class='ocr_line' id='line_1_3' title="bbox 263 635 1398 740; baseline 0.002 -28"><span class='ocrx_word' id='word_1_11' title='bbox 263 635 348 712; x_wconf 80' lang='lat' dir='ltr'><strong>etA</strong></span> <span class='ocrx_word' id='word_1_12' title='bbox 372 641 387 712; x_wconf 91' lang='lat'>1</span> <span class='ocrx_word' id='word_1_13' title='bbox 411 638 500 736; x_wconf 79' lang='grc' dir='ltr'>ἄλλῃ</span> <span class='ocrx_word' id='word_1_14' title='bbox 520 643 657 737; x_wconf 76' lang='grc' dir='ltr'>χώρρ,</span> <span class='ocrx_word' id='word_1_15' title='bbox 686 641 734 712; x_wconf 86' lang='grc'><strong>84</strong></span> <span class='ocrx_word' id='word_1_16' title='bbox 760 641 803 738; x_wconf 79' lang='grc' dir='ltr'><strong>ἡν</strong></span> <span class='ocrx_word' id='word_1_17' title='bbox 830 639 997 738; x_wconf 76' lang='grc' dir='ltr'>ἐπίμαχον</span> <span class='ocrx_word' id='word_1_18' title='bbox 1022 645 1069 712; x_wconf 91' lang='grc' dir='ltr'><strong>τδ</strong></span> <span class='ocrx_word' id='word_1_19' title='bbox 1093 645 1270 740; x_wconf 79' lang='grc' dir='ltr'><strong>χωρίον,</strong></span> <span class='ocrx_word' id='word_1_20' title='bbox 1298 640 1329 713; x_wconf 91' lang='grc' dir='ltr'>Β</span> <span class='ocrx_word' id='word_1_21' title='bbox 1353 645 1398 714; x_wconf 99' lang='grc'><strong>12</strong></span> 
     </span>
     <span class='ocr_line' id='line_1_4' title="bbox 262 765 1399 868; baseline 0.005 -31"><span class='ocrx_word' id='word_1_22' title='bbox 262 770 345 865; x_wconf 77' lang='grc' dir='ltr'>πρὸς</span> <span class='ocrx_word' id='word_1_23' title='bbox 371 765 408 839; x_wconf 85' lang='grc' dir='ltr'><strong>δὲ</strong></span> <span class='ocrx_word' id='word_1_24' title='bbox 431 770 481 866; x_wconf 76' lang='grc' dir='ltr'><strong>τῇ</strong></span> <span class='ocrx_word' id='word_1_25' title='bbox 510 771 651 865; x_wconf 78' lang='grc' dir='ltr'>χώρῃ,</span> <span class='ocrx_word' id='word_1_26' title='bbox 690 769 759 840; x_wconf 93' lang='grc'><strong>117</strong></span> <span class='ocrx_word' id='word_1_27' title='bbox 793 771 847 839; x_wconf 83' lang='grc' dir='ltr'><strong>καὶ</strong></span> <span class='ocrx_word' id='word_1_28' title='bbox 871 769 948 840; x_wconf 76' lang='grc' dir='ltr'>τόδε</span> <span class='ocrx_word' id='word_1_29' title='bbox 972 771 1018 839; x_wconf 92' lang='grc' dir='ltr'><strong>τδ</strong></span> <span class='ocrx_word' id='word_1_30' title='bbox 1043 775 1204 868; x_wconf 83' lang='grc' dir='ltr'>χωρίον</span> <span class='ocrx_word' id='word_1_31' title='bbox 1228 769 1284 862; x_wconf 85' lang='grc' dir='ltr'><strong>(αα</strong></span> <span class='ocrx_word' id='word_1_32' title='bbox 1304 767 1399 844; x_wconf 77' lang='lat' dir='ltr'><strong>forte</strong></span> 
     </span>
     <span class='ocr_line' id='line_1_5' title="bbox 263 893 1399 993; baseline 0.002 -27"><span class='ocrx_word' id='word_1_33' title='bbox 263 893 289 966; x_wconf 91' lang='lat' dir='ltr'>Z</span> <span class='ocrx_word' id='word_1_34' title='bbox 312 897 381 968; x_wconf 87' lang='grc'><strong>102</strong></span> <span class='ocrx_word' id='word_1_35' title='bbox 412 895 668 993; x_wconf 80' lang='grc' dir='ltr'>ἐπιτηδεότατον</span> <span class='ocrx_word' id='word_1_36' title='bbox 690 897 901 993; x_wconf 84' lang='grc' dir='ltr'>χωρίον),</span> <span class='ocrx_word' id='word_1_37' title='bbox 929 900 967 968; x_wconf 88' lang='grc' dir='ltr'><strong>Α</strong></span> <span class='ocrx_word' id='word_1_38' title='bbox 987 899 1009 968; x_wconf 84' lang='grc'>4</span> <span class='ocrx_word' id='word_1_39' title='bbox 1032 896 1075 969; x_wconf 87' lang='grc' dir='ltr'><strong>τὰ</strong></span> <span class='ocrx_word' id='word_1_40' title='bbox 1092 895 1280 969; x_wconf 77' lang='grc' dir='ltr'>ἐνοικέοντα</span> <span class='ocrx_word' id='word_1_41' title='bbox 1297 896 1399 969; x_wconf 58' lang='lat' dir='ltr'><strong>&amp;aaa</strong></span> 
     </span>
     <span class='ocr_line' id='line_1_6' title="bbox 263 1020 1395 1125; baseline 0.002 -31"><span class='ocrx_word' id='word_1_42' title='bbox 263 1023 455 1125; x_wconf 81' lang='grc' dir='ltr'>βάρβαρα</span> <span class='ocrx_word' id='word_1_43' title='bbox 479 1020 586 1096; x_wconf 83' lang='lat' dir='ltr'><strong>facile</strong></span> <span class='ocrx_word' id='word_1_44' title='bbox 610 1024 837 1118; x_wconf 79' lang='lat' dir='ltr'><strong>imputamus</strong></span> <span class='ocrx_word' id='word_1_45' title='bbox 860 1025 1023 1097; x_wconf 88' lang='lat' dir='ltr'><strong>eiusdem</strong></span> <span class='ocrx_word' id='word_1_46' title='bbox 1040 1026 1199 1098; x_wconf 86' lang='lat' dir='ltr'><strong>hominis</strong></span> <span class='ocrx_word' id='word_1_47' title='bbox 1217 1026 1395 1099; x_wconf 80' lang='lat' dir='ltr'><strong>inscitiae.</strong></span> 
     </span>
     <span class='ocr_line' id='line_1_7' title="bbox 262 1141 1396 1252; baseline -0.002 -28"><span class='ocrx_word' id='word_1_48' title='bbox 262 1162 301 1224; x_wconf 88' lang='lat' dir='ltr'><strong>at</strong></span> <span class='ocrx_word' id='word_1_49' title='bbox 329 1153 366 1224; x_wconf 86' lang='lat' dir='ltr'>A</span> <span class='ocrx_word' id='word_1_50' title='bbox 397 1153 466 1224; x_wconf 91' lang='grc'><strong>196</strong></span> <span class='ocrx_word' id='word_1_51' title='bbox 502 1149 554 1222; x_wconf 78' lang='grc' dir='ltr'><strong>ἵνα</strong></span> <span class='ocrx_word' id='word_1_52' title='bbox 587 1153 635 1248; x_wconf 78' lang='grc' dir='ltr'><strong>μὴ</strong></span> <span class='ocrx_word' id='word_1_53' title='bbox 661 1149 805 1223; x_wconf 80' lang='grc' dir='ltr'>ἀδικοῖεν</span> <span class='ocrx_word' id='word_1_54' title='bbox 836 1150 939 1235; x_wconf 77' lang='grc' dir='ltr'>αὐτὸς</span> <span class='ocrx_word' id='word_1_55' title='bbox 965 1141 1049 1252; x_wconf 77' lang='grc' dir='ltr'>μηδ’</span> <span class='ocrx_word' id='word_1_56' title='bbox 1079 1153 1126 1234; x_wconf 79' lang='grc' dir='ltr'><strong>τίς</strong></span> <span class='ocrx_word' id='word_1_57' title='bbox 1154 1151 1270 1250; x_wconf 81' lang='grc' dir='ltr'>ἑτέραν</span> <span class='ocrx_word' id='word_1_58' title='bbox 1299 1153 1396 1224; x_wconf 78' lang='grc' dir='ltr'>πόλιν</span> 
     </span>
     <span class='ocr_line' id='line_1_8' title="bbox 263 1278 1401 1379; baseline 0.003 -28"><span class='ocrx_word' id='word_1_59' title='bbox 263 1278 410 1379; x_wconf 84' lang='grc' dir='ltr'>ἄχωνται</span> <span class='ocrx_word' id='word_1_60' title='bbox 428 1303 474 1352; x_wconf 90' lang='lat' dir='ltr'><strong>ne</strong></span> <span class='ocrx_word' id='word_1_61' title='bbox 492 1280 613 1352; x_wconf 82' lang='lat' dir='ltr'><strong>ionica</strong></span> <span class='ocrx_word' id='word_1_62' title='bbox 631 1279 797 1373; x_wconf 87' lang='lat' dir='ltr'><strong>quidem,</strong></span> <span class='ocrx_word' id='word_1_63' title='bbox 823 1280 855 1352; x_wconf 94' lang='lat' dir='ltr'><strong>B</strong></span> <span class='ocrx_word' id='word_1_64' title='bbox 875 1281 924 1353; x_wconf 90' lang='grc'><strong>92</strong></span> <span class='ocrx_word' id='word_1_65' title='bbox 942 1283 999 1352; x_wconf 78' lang='grc' dir='ltr'><strong>καὶ</strong></span> <span class='ocrx_word' id='word_1_66' title='bbox 1014 1281 1187 1353; x_wconf 81' lang='grc' dir='ltr'>ιτιολέοναι</span> <span class='ocrx_word' id='word_1_67' title='bbox 1208 1279 1360 1354; x_wconf 87' lang='lat' dir='ltr'><strong>fuerunt</strong></span> <span class='ocrx_word' id='word_1_68' title='bbox 1376 1307 1401 1354; x_wconf 82' lang='lat' dir='ltr'><strong>a</strong></span> 
     </span>
     <span class='ocr_line' id='line_1_9' title="bbox 262 1408 1399 1504; baseline 0.001 -23"><span class='ocrx_word' id='word_1_69' title='bbox 262 1410 379 1504; x_wconf 81' lang='lat' dir='ltr'><strong>primo</strong></span> <span class='ocrx_word' id='word_1_70' title='bbox 404 1409 445 1480; x_wconf 89' lang='lat' dir='ltr'><strong>in</strong></span> <span class='ocrx_word' id='word_1_71' title='bbox 462 1409 625 1504; x_wconf 78' lang='lat' dir='ltr'><strong>margine</strong></span> <span class='ocrx_word' id='word_1_72' title='bbox 650 1408 873 1502; x_wconf 84' lang='lat' dir='ltr'><strong>exemplaris</strong></span> <span class='ocrx_word' id='word_1_73' title='bbox 893 1411 1103 1483; x_wconf 79' lang='lat' dir='ltr'><strong>vetustioris</strong></span> <span class='ocrx_word' id='word_1_74' title='bbox 1127 1411 1309 1504; x_wconf 84' lang='lat' dir='ltr'><strong>adscripto</strong></span> <span class='ocrx_word' id='word_1_75' title='bbox 1332 1434 1399 1483; x_wconf 86' lang='lat' dir='ltr'><strong>ex-</strong></span> 
     </span>
     <span class='ocr_line' id='line_1_10' title="bbox 262 1530 1395 1636; baseline -0.002 -27"><span class='ocrx_word' id='word_1_76' title='bbox 262 1537 424 1634; x_wconf 85' lang='lat' dir='ltr'><strong>plicandi</strong></span> <span class='ocrx_word' id='word_1_77' title='bbox 441 1561 516 1609; x_wconf 91' lang='lat' dir='ltr'><strong>non</strong></span> <span class='ocrx_word' id='word_1_78' title='bbox 534 1537 710 1632; x_wconf 85' lang='lat' dir='ltr'><strong>explendi</strong></span> <span class='ocrx_word' id='word_1_79' title='bbox 727 1561 854 1623; x_wconf 81' lang='lat' dir='ltr'><strong>causa,</strong></span> <span class='ocrx_word' id='word_1_80' title='bbox 877 1537 1009 1610; x_wconf 86' lang='lat' dir='ltr'><strong>illaad</strong></span> <span class='ocrx_word' id='word_1_81' title='bbox 1027 1530 1102 1610; x_wconf 87' lang='grc' dir='ltr'>ἀλλ’</span> <span class='ocrx_word' id='word_1_82' title='bbox 1124 1537 1291 1636; x_wconf 76' lang='grc' dir='ltr'>ἐχχνήτας</span> <span class='ocrx_word' id='word_1_83' title='bbox 1309 1546 1395 1636; x_wconf 75' lang='grc' dir='ltr'>χρῆν</span> 
     </span>
     <span class='ocr_line' id='line_1_11' title="bbox 262 1665 1397 1766; baseline 0 -28"><span class='ocrx_word' id='word_1_84' title='bbox 262 1670 519 1764; x_wconf 80' lang='grc' dir='ltr'>καταστήσαντα</span> <span class='ocrx_word' id='word_1_85' title='bbox 534 1723 541 1737; x_wconf 95' lang='grc'><strong>.</strong></span> <span class='ocrx_word' id='word_1_86' title='bbox 561 1723 567 1736; x_wconf 96' lang='grc'><strong>.</strong></span> <span class='ocrx_word' id='word_1_87' title='bbox 587 1722 606 1746; x_wconf 93' lang='grc'><strong>.,</strong></span> <span class='ocrx_word' id='word_1_88' title='bbox 627 1666 718 1738; x_wconf 88' lang='lat' dir='ltr'><strong>haec</strong></span> <span class='ocrx_word' id='word_1_89' title='bbox 736 1667 783 1738; x_wconf 80' lang='lat' dir='ltr'><strong>ed</strong></span> <span class='ocrx_word' id='word_1_90' title='bbox 801 1665 838 1747; x_wconf 78' lang='grc' dir='ltr'><strong>ἐς</strong></span> <span class='ocrx_word' id='word_1_91' title='bbox 855 1665 939 1738; x_wconf 87' lang='grc' dir='ltr'>ἄλλο</span> <span class='ocrx_word' id='word_1_92' title='bbox 957 1692 988 1738; x_wconf 90' lang='grc' dir='ltr'><strong>τι</strong></span> <span class='ocrx_word' id='word_1_93' title='bbox 1005 1667 1178 1766; x_wconf 79' lang='grc' dir='ltr'>τράπονσι.</span> <span class='ocrx_word' id='word_1_94' title='bbox 1224 1665 1397 1738; x_wconf 84' lang='lat' dir='ltr'><strong>similem-</strong></span> 
     </span>
     <span class='ocr_line' id='line_1_12' title="bbox 263 1791 1398 1893; baseline 0 -27"><span class='ocrx_word' id='word_1_95' title='bbox 263 1819 334 1890; x_wconf 89' lang='lat' dir='ltr'><strong>que</strong></span> <span class='ocrx_word' id='word_1_96' title='bbox 359 1795 499 1866; x_wconf 84' lang='lat' dir='ltr'><strong>habcnt</strong></span> <span class='ocrx_word' id='word_1_97' title='bbox 525 1794 702 1889; x_wconf 83' lang='lat' dir='ltr'><strong>originem</strong></span> <span class='ocrx_word' id='word_1_98' title='bbox 732 1791 763 1864; x_wconf 94' lang='lat' dir='ltr'>H</span> <span class='ocrx_word' id='word_1_99' title='bbox 791 1797 840 1867; x_wconf 92' lang='grc'><strong>26</strong></span> <span class='ocrx_word' id='word_1_100' title='bbox 867 1794 902 1865; x_wconf 80' lang='grc' dir='ltr'><strong>ἐν</strong></span> <span class='ocrx_word' id='word_1_101' title='bbox 927 1797 971 1893; x_wconf 75' lang='grc' dir='ltr'><strong>τῇ</strong></span> <span class='ocrx_word' id='word_1_102' title='bbox 995 1794 1090 1877; x_wconf 81' lang='grc' dir='ltr'>πόλι,</span> <span class='ocrx_word' id='word_1_103' title='bbox 1125 1795 1196 1867; x_wconf 89' lang='grc'><strong>162</strong></span> <span class='ocrx_word' id='word_1_104' title='bbox 1222 1794 1260 1864; x_wconf 84' lang='grc' dir='ltr'><strong>τδ</strong></span> <span class='ocrx_word' id='word_1_105' title='bbox 1286 1792 1398 1866; x_wconf 72' lang='grc' dir='ltr'>ἐθέλοι</span> 
     </span>
     <span class='ocr_line' id='line_1_13' title="bbox 262 1919 1397 2020; baseline 0.002 -27"><span class='ocrx_word' id='word_1_106' title='bbox 262 1921 381 2020; x_wconf 73' lang='grc' dir='ltr'><strong>λέγειν.</strong></span> <span class='ocrx_word' id='word_1_107' title='bbox 428 1925 491 1996; x_wconf 89' lang='lat' dir='ltr'><strong>sed</strong></span> <span class='ocrx_word' id='word_1_108' title='bbox 508 1923 617 2016; x_wconf 76' lang='lat' dir='ltr'><strong>plum</strong></span> <span class='ocrx_word' id='word_1_109' title='bbox 633 1923 855 1996; x_wconf 80' lang='lat' dir='ltr'><strong>secludenda</strong></span> <span class='ocrx_word' id='word_1_110' title='bbox 877 1931 994 2010; x_wconf 81' lang='lat' dir='ltr'><strong>erant,</strong></span> <span class='ocrx_word' id='word_1_111' title='bbox 1019 1947 1115 2016; x_wconf 82' lang='lat' dir='ltr'><strong>quae</strong></span> <span class='ocrx_word' id='word_1_112' title='bbox 1131 1922 1229 1996; x_wconf 88' lang='lat' dir='ltr'><strong>idem</strong></span> <span class='ocrx_word' id='word_1_113' title='bbox 1244 1919 1397 1995; x_wconf 78' lang='lat' dir='ltr'><strong>fortasse</strong></span> 
     </span>
     <span class='ocr_line' id='line_1_14' title="bbox 261 2051 1398 2124; baseline 0.002 -2"><span class='ocrx_word' id='word_1_114' title='bbox 261 2052 373 2123; x_wconf 92' lang='lat' dir='ltr'><strong>homo</strong></span> <span class='ocrx_word' id='word_1_115' title='bbox 386 2051 480 2124; x_wconf 85' lang='lat' dir='ltr'><strong>male</strong></span> <span class='ocrx_word' id='word_1_116' title='bbox 495 2052 643 2124; x_wconf 87' lang='lat' dir='ltr'><strong>sedulus</strong></span> <span class='ocrx_word' id='word_1_117' title='bbox 661 2052 813 2124; x_wconf 88' lang='lat' dir='ltr'><strong>immisit</strong></span> <span class='ocrx_word' id='word_1_118' title='bbox 824 2061 867 2124; x_wconf 86' lang='lat' dir='ltr'><strong>ut</strong></span> <span class='ocrx_word' id='word_1_119' title='bbox 883 2075 1035 2123; x_wconf 80' lang='lat' dir='ltr'><strong>mancae</strong></span> <span class='ocrx_word' id='word_1_120' title='bbox 1052 2052 1225 2123; x_wconf 88' lang='lat' dir='ltr'><strong>nimirum</strong></span> <span class='ocrx_word' id='word_1_121' title='bbox 1243 2051 1398 2124; x_wconf 86' lang='lat' dir='ltr'><strong>orationi</strong></span> 
     </span>
     <span class='ocr_line' id='line_1_15' title="bbox 261 2177 1394 2266; baseline -0.003 -14"><span class='ocrx_word' id='word_1_122' title='bbox 261 2179 482 2266; x_wconf 85' lang='lat' dir='ltr'><strong>subveniret,</strong></span> <span class='ocrx_word' id='word_1_123' title='bbox 501 2181 536 2252; x_wconf 88' lang='lat' dir='ltr'>A</span> <span class='ocrx_word' id='word_1_124' title='bbox 559 2182 641 2252; x_wconf 84' lang='grc'><strong>142.</strong></span> <span class='ocrx_word' id='word_1_125' title='bbox 663 2182 745 2254; x_wconf 88' lang='grc'><strong>181.</strong></span> <span class='ocrx_word' id='word_1_126' title='bbox 773 2181 806 2251; x_wconf 88' lang='grc' dir='ltr'>Β</span> <span class='ocrx_word' id='word_1_127' title='bbox 828 2181 885 2252; x_wconf 92' lang='grc'><strong>11.</strong></span> <span class='ocrx_word' id='word_1_128' title='bbox 908 2180 968 2251; x_wconf 92' lang='grc'><strong>35.</strong></span> <span class='ocrx_word' id='word_1_129' title='bbox 998 2177 1024 2251; x_wconf 92' lang='grc' dir='ltr'><strong><em>Γ</em></strong></span> <span class='ocrx_word' id='word_1_130' title='bbox 1044 2181 1104 2253; x_wconf 87' lang='grc'><strong>30.</strong></span> <span class='ocrx_word' id='word_1_131' title='bbox 1125 2183 1184 2253; x_wconf 88' lang='grc'><strong>56.</strong></span> <span class='ocrx_word' id='word_1_132' title='bbox 1210 2181 1394 2256; x_wconf 81' lang='grc'><strong>126119.</strong></span> 
     </span>
     <span class='ocr_line' id='line_1_16' title="bbox 261 2305 1394 2381; baseline -0.001 -2"><span class='ocrx_word' id='word_1_133' title='bbox 261 2306 342 2380; x_wconf 93' lang='grc' dir='ltr'><strong>Δ5.</strong></span> <span class='ocrx_word' id='word_1_134' title='bbox 365 2311 398 2380; x_wconf 96' lang='grc'><strong>7.</strong></span> <span class='ocrx_word' id='word_1_135' title='bbox 420 2309 480 2381; x_wconf 87' lang='grc'><strong>36.</strong></span> <span class='ocrx_word' id='word_1_136' title='bbox 503 2311 562 2381; x_wconf 89' lang='grc'><strong>65.</strong></span> <span class='ocrx_word' id='word_1_137' title='bbox 584 2309 643 2381; x_wconf 90' lang='grc'><strong>99.</strong></span> <span class='ocrx_word' id='word_1_138' title='bbox 674 2305 783 2381; x_wconf 73' lang='grc'><strong>1355.</strong></span> <span class='ocrx_word' id='word_1_139' title='bbox 813 2305 1109 2380; x_wconf 82' lang='grc'><strong>83883162.</strong></span> <span class='ocrx_word' id='word_1_140' title='bbox 1138 2305 1151 2378; x_wconf 93' lang='grc' dir='ltr'>ί</span> <span class='ocrx_word' id='word_1_141' title='bbox 1176 2311 1233 2380; x_wconf 93' lang='grc'><strong>11.</strong></span> <span class='ocrx_word' id='word_1_142' title='bbox 1255 2311 1315 2381; x_wconf 89' lang='grc'><strong>65.</strong></span> <span class='ocrx_word' id='word_1_143' title='bbox 1333 2309 1394 2380; x_wconf 88' lang='grc'><strong>93.</strong></span> 
     </span>
     <span class='ocr_line' id='line_1_17' title="bbox 261 2436 1398 2532; baseline -0.001 -23"><span class='ocrx_word' id='word_1_144' title='bbox 261 2461 330 2510; x_wconf 90' lang='lat' dir='ltr'><strong>nec</strong></span> <span class='ocrx_word' id='word_1_145' title='bbox 347 2437 468 2508; x_wconf 89' lang='lat' dir='ltr'><strong>minus</strong></span> <span class='ocrx_word' id='word_1_146' title='bbox 491 2445 556 2508; x_wconf 88' lang='lat' dir='ltr'><strong>aut</strong></span> <span class='ocrx_word' id='word_1_147' title='bbox 577 2437 790 2532; x_wconf 86' lang='lat' dir='ltr'><strong>importuna</strong></span> <span class='ocrx_word' id='word_1_148' title='bbox 807 2447 872 2509; x_wconf 87' lang='lat' dir='ltr'><strong>aut</strong></span> <span class='ocrx_word' id='word_1_149' title='bbox 890 2436 1018 2523; x_wconf 83' lang='lat' dir='ltr'><strong>otiosa,</strong></span> <span class='ocrx_word' id='word_1_150' title='bbox 1044 2439 1108 2510; x_wconf 88' lang='lat' dir='ltr'><strong>sed</strong></span> <span class='ocrx_word' id='word_1_151' title='bbox 1126 2436 1305 2530; x_wconf 81' lang='lat' dir='ltr'><strong>ampliora</strong></span> <span class='ocrx_word' id='word_1_152' title='bbox 1320 2461 1398 2508; x_wconf 73' lang='lat' dir='ltr'><strong>ain·</strong></span> 
     </span>
     <span class='ocr_line' id='line_1_18' title="bbox 260 2563 1394 2661; baseline -0.002 -23"><span class='ocrx_word' id='word_1_153' title='bbox 260 2565 342 2638; x_wconf 90' lang='lat' dir='ltr'><strong>bitu</strong></span> <span class='ocrx_word' id='word_1_154' title='bbox 366 2565 609 2661; x_wconf 87' lang='lat' dir='ltr'><strong>doctiorisque</strong></span> <span class='ocrx_word' id='word_1_155' title='bbox 635 2589 750 2638; x_wconf 86' lang='lat' dir='ltr'><strong>venae</strong></span> <span class='ocrx_word' id='word_1_156' title='bbox 775 2567 813 2637; x_wconf 90' lang='lat' dir='ltr'><strong>A</strong></span> <span class='ocrx_word' id='word_1_157' title='bbox 835 2565 892 2637; x_wconf 97' lang='grc'><strong>12.</strong></span> <span class='ocrx_word' id='word_1_158' title='bbox 918 2566 978 2637; x_wconf 92' lang='grc'><strong>28.</strong></span> <span class='ocrx_word' id='word_1_159' title='bbox 1004 2567 1064 2638; x_wconf 90' lang='grc'><strong>29.</strong></span> <span class='ocrx_word' id='word_1_160' title='bbox 1103 2565 1134 2637; x_wconf 92' lang='grc' dir='ltr'><strong>Β</strong></span> <span class='ocrx_word' id='word_1_161' title='bbox 1164 2567 1246 2639; x_wconf 89' lang='grc'><strong>116.</strong></span> <span class='ocrx_word' id='word_1_162' title='bbox 1284 2563 1311 2636; x_wconf 89' lang='grc' dir='ltr'><strong><em>Γ</em></strong></span> <span class='ocrx_word' id='word_1_163' title='bbox 1334 2566 1394 2637; x_wconf 89' lang='grc'><strong>97.</strong></span> 
     </span>
     <span class='ocr_line' id='line_1_19' title="bbox 260 2691 1397 2789; baseline -0.001 -24"><span class='ocrx_word' id='word_1_164' title='bbox 260 2691 287 2764; x_wconf 93' lang='grc' dir='ltr'>Δ</span> <span class='ocrx_word' id='word_1_165' title='bbox 318 2694 400 2766; x_wconf 92' lang='grc'><strong>127.</strong></span> <span class='ocrx_word' id='word_1_166' title='bbox 443 2691 473 2766; x_wconf 88' lang='lat' dir='ltr'>E</span> <span class='ocrx_word' id='word_1_167' title='bbox 504 2695 561 2768; x_wconf 91' lang='grc'><strong>16.</strong></span> <span class='ocrx_word' id='word_1_168' title='bbox 620 2693 693 2766; x_wconf 83' lang='lat' dir='ltr'><strong>elia</strong></span> <span class='ocrx_word' id='word_1_169' title='bbox 724 2695 889 2789; x_wconf 89' lang='lat' dir='ltr'><strong>quamvis</strong></span> <span class='ocrx_word' id='word_1_170' title='bbox 924 2695 1152 2768; x_wconf 86' lang='lat' dir='ltr'><strong>abundantia</strong></span> <span class='ocrx_word' id='word_1_171' title='bbox 1180 2694 1397 2766; x_wconf 88' lang='lat' dir='ltr'><strong>autminus</strong></span> 
     </span>
     <span class='ocr_line' id='line_1_20' title="bbox 260 2820 1397 2916; baseline -0.001 -22"><span class='ocrx_word' id='word_1_172' title='bbox 260 2831 361 2896; x_wconf 87' lang='lat' dir='ltr'><strong>reeta</strong></span> <span class='ocrx_word' id='word_1_173' title='bbox 384 2825 421 2895; x_wconf 82' lang='lat' dir='ltr'>A</span> <span class='ocrx_word' id='word_1_174' title='bbox 445 2823 527 2895; x_wconf 89' lang='grc'><strong>148.</strong></span> <span class='ocrx_word' id='word_1_175' title='bbox 559 2820 663 2895; x_wconf 87' lang='grc' dir='ltr'><strong>Γ59.</strong></span> <span class='ocrx_word' id='word_1_176' title='bbox 693 2820 720 2893; x_wconf 90' lang='grc' dir='ltr'>Δ</span> <span class='ocrx_word' id='word_1_177' title='bbox 744 2824 805 2895; x_wconf 97' lang='grc'><strong>71.</strong></span> <span class='ocrx_word' id='word_1_178' title='bbox 834 2821 861 2894; x_wconf 84' lang='grc' dir='ltr'><strong>Ζ</strong></span> <span class='ocrx_word' id='word_1_179' title='bbox 887 2823 948 2894; x_wconf 90' lang='grc'><strong>98.</strong></span> <span class='ocrx_word' id='word_1_180' title='bbox 978 2821 1078 2895; x_wconf 83' lang='grc'><strong>1163</strong></span> <span class='ocrx_word' id='word_1_181' title='bbox 1110 2823 1247 2916; x_wconf 87' lang='lat' dir='ltr'><strong>siquis</strong></span> <span class='ocrx_word' id='word_1_182' title='bbox 1272 2831 1397 2895; x_wconf 79' lang='lat' dir='ltr'><strong>tamen</strong></span> 
     </span>
     <span class='ocr_line' id='line_1_21' title="bbox 260 2949 1394 3046; baseline 0 -24"><span class='ocrx_word' id='word_1_183' title='bbox 260 2953 307 3024; x_wconf 87' lang='lat' dir='ltr'><strong>ab</strong></span> <span class='ocrx_word' id='word_1_184' title='bbox 325 2952 513 3024; x_wconf 89' lang='lat' dir='ltr'><strong>Herodoto</strong></span> <span class='ocrx_word' id='word_1_185' title='bbox 537 2951 617 3044; x_wconf 91' lang='lat' dir='ltr'><strong>ipso</strong></span> <span class='ocrx_word' id='word_1_186' title='bbox 639 2949 804 3046; x_wconf 84' lang='lat' dir='ltr'><strong>profecta</strong></span> <span class='ocrx_word' id='word_1_187' title='bbox 826 2953 1041 3037; x_wconf 83' lang='lat' dir='ltr'><strong>contendat,</strong></span> <span class='ocrx_word' id='word_1_188' title='bbox 1067 2951 1219 3024; x_wconf 87' lang='lat' dir='ltr'><strong>habebit</strong></span> <span class='ocrx_word' id='word_1_189' title='bbox 1236 2976 1310 3046; x_wconf 91' lang='lat' dir='ltr'><strong>quo</strong></span> <span class='ocrx_word' id='word_1_190' title='bbox 1334 2953 1394 3023; x_wconf 89' lang='lat' dir='ltr'><strong>de-</strong></span> 
     </span>
     <span class='ocr_line' id='line_1_22' title="bbox 259 3077 1397 3175; baseline 0.002 -25"><span class='ocrx_word' id='word_1_191' title='bbox 259 3077 385 3151; x_wconf 87' lang='lat' dir='ltr'><strong>fendat</strong></span> <span class='ocrx_word' id='word_1_192' title='bbox 423 3103 506 3151; x_wconf 92' lang='lat' dir='ltr'><strong>cum</strong></span> <span class='ocrx_word' id='word_1_193' title='bbox 542 3080 661 3174; x_wconf 89' lang='lat' dir='ltr'><strong>specie</strong></span> <span class='ocrx_word' id='word_1_194' title='bbox 700 3080 828 3175; x_wconf 82' lang='lat' dir='ltr'><strong>aliqua</strong></span> <span class='ocrx_word' id='word_1_195' title='bbox 860 3081 1031 3152; x_wconf 71' lang='lat' dir='ltr'><strong>unitatis.</strong></span> <span class='ocrx_word' id='word_1_196' title='bbox 1094 3079 1269 3174; x_wconf 79' lang='lat' dir='ltr'><strong>leguntur</strong></span> <span class='ocrx_word' id='word_1_197' title='bbox 1298 3079 1397 3152; x_wconf 89' lang='lat' dir='ltr'><strong>enim</strong></span> 
     </span>
     <span class='ocr_line' id='line_1_23' title="bbox 259 3207 1397 3304; baseline 0.001 -24"><span class='ocrx_word' id='word_1_198' title='bbox 259 3217 403 3303; x_wconf 82' lang='lat' dir='ltr'><strong>praeter</strong></span> <span class='ocrx_word' id='word_1_199' title='bbox 420 3207 487 3282; x_wconf 88' lang='lat' dir='ltr'><strong>illa</strong></span> <span class='ocrx_word' id='word_1_200' title='bbox 504 3208 543 3280; x_wconf 91' lang='lat' dir='ltr'><strong>in</strong></span> <span class='ocrx_word' id='word_1_201' title='bbox 561 3208 619 3280; x_wconf 92' lang='lat' dir='ltr'><strong>his</strong></span> <span class='ocrx_word' id='word_1_202' title='bbox 642 3208 821 3296; x_wconf 89' lang='lat' dir='ltr'><strong>historiis,</strong></span> <span class='ocrx_word' id='word_1_203' title='bbox 848 3208 975 3304; x_wconf 82' lang='lat' dir='ltr'><strong>quales</strong></span> <span class='ocrx_word' id='word_1_204' title='bbox 1000 3219 1039 3281; x_wconf 90' lang='lat' dir='ltr'><strong>et</strong></span> <span class='ocrx_word' id='word_1_205' title='bbox 1062 3233 1130 3280; x_wconf 87' lang='lat' dir='ltr'><strong>nos</strong></span> <span class='ocrx_word' id='word_1_206' title='bbox 1154 3210 1334 3281; x_wconf 87' lang='lat' dir='ltr'><strong>habemus</strong></span> <span class='ocrx_word' id='word_1_207' title='bbox 1358 3217 1397 3281; x_wconf 90' lang='lat' dir='ltr'><strong>et</strong></span> 
     </span>
     <span class='ocr_line' id='line_1_24' title="bbox 259 3336 1396 3432; baseline 0 -24"><span class='ocrx_word' id='word_1_208' title='bbox 259 3338 471 3410; x_wconf 86' lang='lat' dir='ltr'><strong>habuerunt</strong></span> <span class='ocrx_word' id='word_1_209' title='bbox 495 3343 652 3424; x_wconf 84' lang='lat' dir='ltr'><strong>veteres,</strong></span> <span class='ocrx_word' id='word_1_210' title='bbox 684 3337 810 3432; x_wconf 81' lang='lat' dir='ltr'><strong>aliqua</strong></span> <span class='ocrx_word' id='word_1_211' title='bbox 833 3338 894 3411; x_wconf 85' lang='lat' dir='ltr'><strong>vel</strong></span> <span class='ocrx_word' id='word_1_212' title='bbox 919 3337 1200 3411; x_wconf 80' lang='lat' dir='ltr'><strong>continuitatem</strong></span> <span class='ocrx_word' id='word_1_213' title='bbox 1224 3336 1284 3409; x_wconf 84' lang='lat' dir='ltr'><strong>vel</strong></span> <span class='ocrx_word' id='word_1_214' title='bbox 1308 3361 1396 3408; x_wconf 86' lang='lat' dir='ltr'><strong>con-</strong></span> 
     </span>
     <span class='ocr_line' id='line_1_25' title="bbox 259 3465 1396 3540; baseline -0.001 -2"><span class='ocrx_word' id='word_1_215' title='bbox 259 3465 474 3538; x_wconf 84' lang='lat' dir='ltr'><strong>cinnitatem</strong></span> <span class='ocrx_word' id='word_1_216' title='bbox 494 3465 665 3538; x_wconf 81' lang='lat' dir='ltr'><strong>orationis</strong></span> <span class='ocrx_word' id='word_1_217' title='bbox 683 3467 874 3538; x_wconf 83' lang='lat' dir='ltr'><strong>turbantia</strong></span> <span class='ocrx_word' id='word_1_218' title='bbox 890 3474 958 3539; x_wconf 83' lang='lat' dir='ltr'><strong>out</strong></span> <span class='ocrx_word' id='word_1_219' title='bbox 973 3475 1070 3540; x_wconf 86' lang='lat' dir='ltr'><strong>certe</strong></span> <span class='ocrx_word' id='word_1_220' title='bbox 1088 3491 1111 3540; x_wconf 88' lang='lat' dir='ltr'><strong>a</strong></span> <span class='ocrx_word' id='word_1_221' title='bbox 1128 3476 1254 3540; x_wconf 84' lang='lat' dir='ltr'><strong>tenore</strong></span> <span class='ocrx_word' id='word_1_222' title='bbox 1273 3490 1396 3538; x_wconf 69' lang='lat' dir='ltr'><strong>nassa-</strong></span> 
     </span>
    </p>
   </div>
   <div class='ocr_carea' id='block_1_3' title="bbox 1585 2507 1590 3322">
    <p class='ocr_par' dir='ltr' id='par_1_3' title="bbox 1585 2507 1590 3322">
     <span class='ocr_line' id='line_1_26' title="bbox 1585 2507 1590 3322; baseline 0 0"><span class='ocrx_word' id='word_1_223' title='bbox 1585 2507 1590 3322; x_wconf 95' lang='lat' dir='ltr'><strong> </strong></span> 
     </span>
    </p>
   </div>
   <div class='ocr_carea' id='block_1_4' title="bbox 260 3595 1526 3688">
    <p class='ocr_par' dir='ltr' id='par_1_4' title="bbox 260 3595 1526 3688">
     <span class='ocr_line' id='line_1_27' title="bbox 260 3595 1526 3688; baseline 0 -22"><span class='ocrx_word' id='word_1_224' title='bbox 260 3595 370 3667; x_wconf 89' lang='lat' dir='ltr'><strong>tionis</strong></span> <span class='ocrx_word' id='word_1_225' title='bbox 388 3595 537 3681; x_wconf 83' lang='lat' dir='ltr'><strong>absona,</strong></span> <span class='ocrx_word' id='word_1_226' title='bbox 556 3603 599 3666; x_wconf 92' lang='lat' dir='ltr'><strong>ut</strong></span> <span class='ocrx_word' id='word_1_227' title='bbox 617 3617 693 3666; x_wconf 90' lang='lat' dir='ltr'><strong>non</strong></span> <span class='ocrx_word' id='word_1_228' title='bbox 707 3595 830 3668; x_wconf 79' lang='lat' dir='ltr'><strong>statim</strong></span> <span class='ocrx_word' id='word_1_229' title='bbox 846 3619 930 3667; x_wconf 91' lang='lat' dir='ltr'><strong>cum</strong></span> <span class='ocrx_word' id='word_1_230' title='bbox 945 3595 1074 3668; x_wconf 86' lang='lat' dir='ltr'><strong>ceteris</strong></span> <span class='ocrx_word' id='word_1_231' title='bbox 1088 3603 1176 3667; x_wconf 85' lang='lat' dir='ltr'><strong>nata</strong></span> <span class='ocrx_word' id='word_1_232' title='bbox 1190 3597 1255 3668; x_wconf 88' lang='lat' dir='ltr'><strong>sed</strong></span> <span class='ocrx_word' id='word_1_233' title='bbox 1268 3603 1398 3688; x_wconf 85' lang='lat' dir='ltr'><strong>postea</strong></span> <span class='ocrx_word' id='word_1_234' title='bbox 1515 3597 1526 3666; x_wconf 75' lang='grc'><strong>“,</strong></span> 
     </span>
    </p>
   </div>
   <div class='ocr_carea' id='block_1_5' title="bbox 258 3723 1398 4350">
    <p class='ocr_par' dir='ltr' id='par_1_5' title="bbox 258 3723 1398 4350">
     <span class='ocr_line' id='line_1_28' title="bbox 259 3723 1397 3819; baseline -0.004 -22"><span class='ocrx_word' id='word_1_235' title='bbox 259 3727 406 3797; x_wconf 88' lang='lat' dir='ltr'><strong>demum</strong></span> <span class='ocrx_word' id='word_1_236' title='bbox 429 3723 659 3819; x_wconf 83' lang='lat' dir='ltr'><strong>adglutinata</strong></span> <span class='ocrx_word' id='word_1_237' title='bbox 682 3723 891 3810; x_wconf 82' lang='lat' dir='ltr'><strong>videantur,</strong></span> <span class='ocrx_word' id='word_1_238' title='bbox 922 3725 1051 3797; x_wconf 78' lang='lat' dir='ltr'><strong>eedem</strong></span> <span class='ocrx_word' id='word_1_239' title='bbox 1076 3733 1200 3797; x_wconf 84' lang='lat' dir='ltr'><strong>tamen</strong></span> <span class='ocrx_word' id='word_1_240' title='bbox 1230 3749 1299 3796; x_wconf 90' lang='lat' dir='ltr'><strong>nec</strong></span> <span class='ocrx_word' id='word_1_241' title='bbox 1329 3747 1397 3818; x_wconf 86' lang='lat' dir='ltr'><strong>per</strong></span> 
     </span>
     <span class='ocr_line' id='line_1_29' title="bbox 259 3850 1398 3949; baseline 0.002 -25"><span class='ocrx_word' id='word_1_242' title='bbox 259 3877 297 3926; x_wconf 88' lang='lat' dir='ltr'><strong>se</strong></span> <span class='ocrx_word' id='word_1_243' title='bbox 314 3853 396 3947; x_wconf 83' lang='lat' dir='ltr'><strong>ipsa</strong></span> <span class='ocrx_word' id='word_1_244' title='bbox 412 3877 480 3925; x_wconf 88' lang='lat' dir='ltr'><strong>nec</strong></span> <span class='ocrx_word' id='word_1_245' title='bbox 498 3851 613 3924; x_wconf 81' lang='lat' dir='ltr'><strong>ullam</strong></span> <span class='ocrx_word' id='word_1_246' title='bbox 631 3851 740 3924; x_wconf 86' lang='lat' dir='ltr'><strong>aliem</strong></span> <span class='ocrx_word' id='word_1_247' title='bbox 764 3856 812 3925; x_wconf 93' lang='lat' dir='ltr'><strong>ob</strong></span> <span class='ocrx_word' id='word_1_248' title='bbox 830 3877 976 3926; x_wconf 86' lang='lat' dir='ltr'><strong>causam</strong></span> <span class='ocrx_word' id='word_1_249' title='bbox 993 3853 1143 3949; x_wconf 87' lang='lat' dir='ltr'><strong>ingenio</strong></span> <span class='ocrx_word' id='word_1_250' title='bbox 1160 3850 1342 3926; x_wconf 82' lang='lat' dir='ltr'><strong>Herodoti</strong></span> <span class='ocrx_word' id='word_1_251' title='bbox 1359 3861 1398 3926; x_wconf 90' lang='lat' dir='ltr'><strong>et</strong></span> 
     </span>
     <span class='ocr_line' id='line_1_30' title="bbox 258 3977 1397 4079; baseline -0.004 -26"><span class='ocrx_word' id='word_1_252' title='bbox 258 3982 523 4055; x_wconf 88' lang='lat' dir='ltr'><strong>consuetudine</strong></span> <span class='ocrx_word' id='word_1_253' title='bbox 548 3981 709 4077; x_wconf 84' lang='lat' dir='ltr'><strong>indigna.</strong></span> <span class='ocrx_word' id='word_1_254' title='bbox 758 3983 795 4052; x_wconf 90' lang='lat' dir='ltr'>A</span> <span class='ocrx_word' id='word_1_255' title='bbox 824 3983 895 4054; x_wconf 91' lang='grc'><strong>125</strong></span> <span class='ocrx_word' id='word_1_256' title='bbox 927 3980 998 4054; x_wconf 84' lang='grc' dir='ltr'>ἔστι</span> <span class='ocrx_word' id='word_1_257' title='bbox 1028 3980 1066 4053; x_wconf 79' lang='grc' dir='ltr'><strong>δὲ</strong></span> <span class='ocrx_word' id='word_1_258' title='bbox 1098 3979 1257 4079; x_wconf 72' lang='grc' dir='ltr'>Περαίων</span> <span class='ocrx_word' id='word_1_259' title='bbox 1289 3977 1397 4076; x_wconf 81' lang='grc' dir='ltr'>συχνὰ</span> 
     </span>
     <span class='ocr_line' id='line_1_31' title="bbox 258 4107 1396 4208; baseline -0.002 -27"><span class='ocrx_word' id='word_1_260' title='bbox 258 4109 358 4208; x_wconf 81' lang='grc' dir='ltr'>χὲνεα</span> <span class='ocrx_word' id='word_1_261' title='bbox 372 4151 422 4164; x_wconf 91' lang='lat'><em>-</em></span> <span class='ocrx_word' id='word_1_262' title='bbox 436 4107 626 4207; x_wconf 82' lang='grc' dir='ltr'>Σαγάρτιοι,</span> <span class='ocrx_word' id='word_1_263' title='bbox 648 4109 679 4180; x_wconf 90' lang='grc' dir='ltr'>Β</span> <span class='ocrx_word' id='word_1_264' title='bbox 698 4111 768 4182; x_wconf 91' lang='grc'><strong>127</strong></span> <span class='ocrx_word' id='word_1_265' title='bbox 783 4115 889 4181; x_wconf 79' lang='grc' dir='ltr'>ταῦτα</span> <span class='ocrx_word' id='word_1_266' title='bbox 906 4108 970 4208; x_wconf 73' lang='grc' dir='ltr'><strong>γὰρ</strong></span> <span class='ocrx_word' id='word_1_267' title='bbox 988 4109 1035 4179; x_wconf 83' lang='grc' dir='ltr'><strong>ὧν</strong></span> <span class='ocrx_word' id='word_1_268' title='bbox 1050 4151 1101 4165; x_wconf 85' lang='lat'><strong>·-</strong></span> <span class='ocrx_word' id='word_1_269' title='bbox 1115 4107 1245 4192; x_wconf 80' lang='grc' dir='ltr'>Χέοπα,</span> <span class='ocrx_word' id='word_1_270' title='bbox 1269 4109 1339 4180; x_wconf 90' lang='grc'><strong>156</strong></span> <span class='ocrx_word' id='word_1_271' title='bbox 1358 4108 1396 4180; x_wconf 73' lang='grc' dir='ltr'><strong>ἐκ</strong></span> 
     </span>
     <span class='ocr_line' id='line_1_32' title="bbox 259 4233 1395 4350; baseline -0.002 -43"><span class='ocrx_word' id='word_1_272' title='bbox 259 4239 379 4309; x_wconf 84' lang='grc' dir='ltr'>τούτου</span> <span class='ocrx_word' id='word_1_273' title='bbox 405 4235 441 4308; x_wconf 77' lang='grc' dir='ltr'><strong>δὲ</strong></span> <span class='ocrx_word' id='word_1_274' title='bbox 466 4243 526 4308; x_wconf 78' lang='grc' dir='ltr'><strong>Ιτοῦ</strong></span> <span class='ocrx_word' id='word_1_275' title='bbox 555 4237 656 4334; x_wconf 78' lang='grc' dir='ltr'>λόχον</span> <span class='ocrx_word' id='word_1_276' title='bbox 674 4279 725 4292; x_wconf 87' lang='lat'><strong>··-</strong></span> <span class='ocrx_word' id='word_1_277' title='bbox 743 4235 944 4336; x_wconf 77' lang='grc' dir='ltr'>Δήμητρος,</span> <span class='ocrx_word' id='word_1_278' title='bbox 978 4236 1005 4309; x_wconf 89' lang='grc' dir='ltr'><strong><em>Γ</em></strong></span> <span class='ocrx_word' id='word_1_279' title='bbox 1030 4239 1079 4310; x_wconf 92' lang='grc'><strong>89</strong></span> <span class='ocrx_word' id='word_1_280' title='bbox 1107 4237 1164 4310; x_wconf 76' lang='lat' dir='ltr'><strong>os</strong></span> <span class='ocrx_word' id='word_1_281' title='bbox 1189 4233 1395 4350; x_wconf 37' lang='grc' dir='ltr'>γὰροίίύρου</span> 
     </span>
    </p>
   </div>
   <div class='ocr_carea' id='block_1_6' title="bbox 261 4362 1394 4464">
    <p class='ocr_par' dir='ltr' id='par_1_6' title="bbox 261 4362 1394 4464">
     <span class='ocr_line' id='line_1_33' title="bbox 261 4362 1394 4464; baseline -0.001 -29"><span class='ocrx_word' id='word_1_282' title='bbox 261 4362 422 4462; x_wconf 82' lang='grc' dir='ltr'>ἄρχοντος</span> <span class='ocrx_word' id='word_1_283' title='bbox 440 4407 492 4420; x_wconf 80' lang='lat'><strong>--</strong></span> <span class='ocrx_word' id='word_1_284' title='bbox 510 4365 773 4464; x_wconf 79' lang='grc' dir='ltr'>ἐμηχανήσατο,</span> <span class='ocrx_word' id='word_1_285' title='bbox 812 4366 879 4437; x_wconf 87' lang='grc'><strong>131</strong></span> <span class='ocrx_word' id='word_1_286' title='bbox 910 4364 1044 4463; x_wconf 74' lang='grc' dir='ltr'>ἐγένετο</span> <span class='ocrx_word' id='word_1_287' title='bbox 1068 4363 1133 4464; x_wconf 75' lang='grc' dir='ltr'><strong>γὰρ</strong></span> <span class='ocrx_word' id='word_1_288' title='bbox 1158 4365 1205 4436; x_wconf 81' lang='grc' dir='ltr'><strong>ὧν</strong></span> <span class='ocrx_word' id='word_1_289' title='bbox 1230 4370 1329 4436; x_wconf 85' lang='grc' dir='ltr'>τοῦτο</span> <span class='ocrx_word' id='word_1_290' title='bbox 1346 4405 1394 4416; x_wconf 91' lang='lat'><em>-</em></span> 
     </span>
    </p>
   </div>
   <div class='ocr_carea' id='block_1_7' title="bbox 254 4479 1396 4594">
    <p class='ocr_par' dir='ltr' id='par_1_7' title="bbox 254 4479 1396 4594">
     <span class='ocr_line' id='line_1_34' title="bbox 254 4479 1396 4594; baseline -0.004 -28"><span class='ocrx_word' id='word_1_291' title='bbox 254 4479 436 4594; x_wconf 72' lang='grc' dir='ltr'>Ἑλλήνων</span> <span class='ocrx_word' id='word_1_292' title='bbox 454 4500 599 4594; x_wconf 75' lang='grc' dir='ltr'>πρῶται,</span> <span class='ocrx_word' id='word_1_293' title='bbox 633 4492 660 4564; x_wconf 86' lang='grc' dir='ltr'>Δ</span> <span class='ocrx_word' id='word_1_294' title='bbox 679 4495 701 4566; x_wconf 88' lang='grc'><strong>2</strong></span> <span class='ocrx_word' id='word_1_295' title='bbox 726 4495 807 4578; x_wconf 80' lang='grc' dir='ltr'>τοὺς</span> <span class='ocrx_word' id='word_1_296' title='bbox 824 4493 861 4565; x_wconf 85' lang='grc' dir='ltr'><strong>δὲ</strong></span> <span class='ocrx_word' id='word_1_297' title='bbox 880 4493 1022 4578; x_wconf 77' lang='grc' dir='ltr'>δούλους</span> <span class='ocrx_word' id='word_1_298' title='bbox 1045 4495 1076 4564; x_wconf 79' lang='lat' dir='ltr'><strong>ot</strong></span> <span class='ocrx_word' id='word_1_299' title='bbox 1093 4491 1221 4566; x_wconf 76' lang='grc' dir='ltr'>Σκύθαι</span> <span class='ocrx_word' id='word_1_300' title='bbox 1238 4533 1288 4546; x_wconf 84' lang='grc'><strong>-·-</strong></span> <span class='ocrx_word' id='word_1_301' title='bbox 1307 4489 1396 4564; x_wconf 81' lang='grc' dir='ltr'><strong>ἀλλὰ</strong></span> 
     </span>
    </p>
   </div>
   <div class='ocr_carea' id='block_1_8' title="bbox 0 0 1592 5092">
    <p class='ocr_par' dir='ltr' id='par_1_8' title="bbox 0 0 1592 5092">
     <span class='ocr_line' id='line_1_35' title="bbox 0 0 1592 5092; baseline 0 1"><span class='ocrx_word' id='word_1_302' title='bbox 0 0 1592 5092; x_wconf 95' lang='lat' dir='ltr'><strong> </strong></span> 
     </span>
    </p>
   </div>
  </div>
 </body>
</html>
