3175 5092
650 366 851 427 -Α..

182 544 243 636 τῆς
256 528 381 635 Ἀσίης
398 537 434 617 ές
450 547 513 638 γῆν
539 542 598 636 τὴν
617 534 795 611 Μιλυάδα·
825 542 885 637 τὴν
905 538 966 637 γὰρ
985 545 1040 610 νῦν
1063 538 1178 611 Λύκιοι
1196 541 1315 634 νέμον-

181 681 243 737 ται,
266 656 351 756 αύτη
371 660 409 728 τδ
426 659 571 730 παλαιδν
590 661 634 759 ἦν
655 654 796 741 Μιλυάς,
830 663 859 731 οἱ
879 658 916 731 δὲ
934 655 1061 731 Μιλύαι
1077 664 1153 731 τότε
1169 658 1316 753 Σόλυμοι

180 775 368 849 ἐκαλέοντο.
414 778 500 858 τέως
518 777 578 873 μὲν
599 783 644 879 δὴ
662 780 771 851 αὐτῶν
789 778 981 878 Σαρπηδὼν
1000 782 1097 878 ἦρχε,
1124 783 1155 851 οί
1179 777 1216 851 δὲ
1238 780 1317 851 έκσ-

181 897 301 969 λέοντο
318 900 355 968 τό
374 898 437 999 πέρ
456 926 492 973 τε
510 901 685 998 ἠνείκαντο
702 899 829 994 ούνομα
846 902 900 971 καὶ
916 904 972 969 νῦν
992 897 1041 970 ἔτι
1057 898 1235 972 καλέονται
1252 898 1317 971 ύπδ

148 1025 248 1089 τιτῶν
277 1023 454 1116 περιοίκων
485 1022 515 1090 οί
545 1023 678 1102 Λύκιοι,
707 1017 890 1118 Τερμίλαι·
932 1023 980 1100 ὡς
1010 1016 1047 1089 δὲ
1075 1020 1110 1100 έξ
1136 1014 1316 1116 Ἀθηνέων

181 1138 293 1219 Λύκος
311 1138 330 1207 δ
349 1136 542 1222 Πανδίονος,
571 1139 763 1222 ἐξελασθεὶς
787 1142 842 1211 καί
867 1138 965 1220 οὗτος
991 1140 1054 1211 ύπδ
1072 1144 1131 1209 τοῦ
1150 1136 1315 1236 ἀδελφεοῦ

180 1255 310 1355 Αἰγέος,
331 1255 466 1331 ἀπίκετο
485 1261 520 1341 ές
537 1260 615 1339 τοὺς
632 1256 800 1358 Τερμίλας
816 1259 910 1360 παρὰ
927 1258 1142 1358 Σαρπηδόνα,
1164 1257 1252 1329 ούτιο
1272 1259 1314 1355 δη

179 1378 263 1449 κατὰ
281 1384 341 1449 τοῦ
362 1377 473 1451 Λύκου
490 1383 552 1478 την
573 1379 765 1478 ἐπωνυμίην
784 1379 901 1450 Λύκιοι
927 1376 991 1451 ἀνὰ
1017 1382 1136 1477 χρόνον
1163 1378 1314 1478 έκλίγδη-

178 1525 252 1571 σαν,
298 1502 429 1593 νόμοισι
449 1498 547 1573 δὲτὰ
566 1499 625 1594 μὲν
646 1496 845 1597 Κρητικοῖσι
869 1498 910 1570 τὰ
932 1496 969 1570 δὲ
989 1494 1164 1597 Καρικοῖσι
1184 1500 1311 1597 χρέων-

134 1639 161 1689 1υ
178 1644 242 1690 ται.
311 1618 346 1691 ἓν
379 1616 416 1691 δὲ
446 1620 522 1691 τόδε
553 1619 634 1691 ἴδιον
666 1623 859 1714 νενομίκασι
890 1620 944 1689 καὶ
974 1618 1151 1713 οὐδαμοῖσι
1182 1618 1313 1691 ἄλλοισι

179 1737 405 1836 συμφέρονται
424 1736 624 1837 ἀνθρώπων.
644 1737 803 1810 καλέουσι
821 1736 888 1810 ἀπὸ
905 1744 972 1809 τῶν
993 1739 1148 1837 μητέρων
1168 1738 1314 1819 ἑωυτοὺς

178 1861 231 1931 καὶ
250 1859 323 1929 ούκί
340 1855 407 1930 ἀπδ
424 1866 491 1929 τῶν
508 1858 681 1957 πατέρων·
709 1858 882 1956 εἰρομένου
901 1856 938 1929 δὲ
957 1857 1072 1957 ἑτέρου
1095 1861 1150 1929 τδν
1169 1859 1312 1957 πλησίον

178 1984 225 2059 τίς
248 1979 314 2076 εἴη,
346 1977 516 2057 καταλέξει
543 1977 667 2051 ἑώυτδν
693 1977 861 2077 μητρόθεν
886 1980 940 2051 καὶ
964 1986 1026 2077 τῆς
1046 1982 1175 2078 μητρός
1194 1976 1310 2050 ἀνανε-
1347 2012 1352 2023 ·

179 2097 293 2192 μέεται
311 2097 372 2179 τὰς
389 2098 547 2197 μητέρας.
589 2102 644 2170 καὶ
662 2098 703 2196 ἦν
723 2099 783 2193 μέν
803 2123 841 2195 γε
859 2100 940 2195 γυνη
960 2094 1045 2195 ἀστὴ
1068 2097 1180 2195 δούλῳ
1199 2124 1309 2171 συνοι-

134 2238 162 2286 ιι
179 2223 280 2317 κηση,
311 2220 447 2316 γενναῖα
473 2217 515 2290 τὰ
540 2218 637 2289 τέκνα
655 2222 864 2313 νενόμισται·
893 2218 936 2315 ἠν
958 2215 995 2287 δὲ
1014 2215 1100 2317 ἀνὴρ
1127 2216 1228 2299 ἀστὸς
1256 2221 1310 2290 καὶ

178 2340 195 2409 ό
218 2345 352 2437 πρῶτος
376 2336 485 2409 αὐτῶν
511 2341 651 2435 γυναῖκα
670 2336 779 2436 ξείνην
797 2338 820 2435 ἢ
839 2336 1016 2435 παλλακὴν
1036 2336 1113 2435 ἔχη,
1142 2336 1244 2432 ἄτιμα
1271 2335 1312 2409 τὰ

176 2459 275 2530 τέκνα
293 2463 427 2555 γίνεται.

251 2574 291 2649 Οί
320 2576 381 2671 μέν
410 2604 467 2649 νυν
497 2575 610 2678 Κᾶρες
635 2578 731 2651 οὐδέν
761 2580 912 2679 λαμπρὸν
942 2578 1039 2677 ἔργον
1066 2576 1376 2673 ἀποδεξάμενοιίῑό

174 2697 415 2795 ἐδουλώθησαν
445 2698 510 2771 ύπδ
531 2688 716 2797 ςΑρπύγου,
748 2699 825 2772 ούτε
847 2697 943 2771 αὐτοὶ
962 2700 992 2770 οἱ
1012 2694 1124 2797 Κᾶρες
1143 2696 1308 2781 ἀποδεξά-

135 2835 161 2885 κυ
174 2844 268 2911 μενοι
287 2817 395 2901 οὐδέν,
412 2819 489 2891 ούτε
507 2820 581 2891 ύσοι
594 2809 776 2917 Ἑλλήνων
794 2821 919 2917 ταύτην
935 2821 997 2917 τὴν
1014 2822 1132 2918 χώρην
1150 2819 1308 2892 οἰκέουσι·

172 2938 316 3010 οίκέουσι
335 2934 372 3009 δὲ
393 2941 448 3011 καί
467 2938 564 3011 ἄλλοι
585 2942 638 3011 καί
655 2938 929 3034 Λακεδαιμονίων
950 2936 1083 3011 ἄποικοι
1103 2936 1248 3012 Κνίδιοι·
1276 2941 1308 3011 οἳ

172 3064 235 3156 τῆς
265 3062 386 3157 χώρης
412 3066 473 3158 τῆς
501 3058 670 3158 σφετέρης
699 3060 933 3158 τετραμμένης
961 3057 996 3139 ἐς
1026 3061 1164 3140 πόντον,
1200 3062 1237 3131 τδ
1265 3058 1306 3157 δὴ

172 3174 328 3275 Τριόπιον
348 3177 510 3260 καλέεται,
539 3176 711 3276 ἀργμένης
729 3176 767 3250 δὲ
785 3178 823 3249 ἐκ
841 3185 902 3278 τῆς
920 3174 1138 3276 Χερσονήσου
1157 3187 1219 3277 τῆς
1235 3176 1306 3250 Βυ-

172 3298 326 3398 βασσίης,
352 3298 476 3396 ἐούσης
492 3323 528 3368 τε
550 3298 665 3396 πάσης
682 3305 745 3397 τῆς
765 3295 906 3395 Κνιδίης
929 3298 1019 3397 πλὴν
1049 3296 1166 3395 ὀλίγης
1189 3324 1252 3397 περ
1269 3325 1306 3398 ρ-

125 3438 155 3487 κο
173 3421 251 3515 ρόου
279 3416 331 3510 (τὰ
356 3416 502 3516 μὲνγὰρ
530 3416 635 3515 αὐτῆς
657 3421 742 3515 πρὸς
767 3417 891 3517 βορέην
919 3417 1042 3512 ἄνεμον
1061 3420 1078 3489 ό
1099 3415 1307 3516 Κεραμεικὸς

323 3688 362 3744 ότι
373 3689 550 3829 Λύαιοςιῐρύνοι
562 3689 613 3743 ἀπὸ
624 3698 675 3745 τιῑιν
689 3700 792 3762 μητρῶν
805 3690 910 3750 ἑαυτούς
919 3691 1025 3745 καλοῦσι
1128 3690 1185 3763 περὶ
1195 3688 1306 3747 Κνιδίων

274 3758 312 3812 ὅτι
323 3767 400 3829 νῆσον
413 3761 445 3813 ἐπ
492 3759 581 3813 δευσαν
593 3759 641 3828 τὴν
654 3759 751 3814 ἑαυτῶν
762 3766 868 3830 ποιῆσαι
880 3760 953 3813 πόλιν

275 4020 363 4100 όοιγ.
392 4018 552 4073 Ευιιτοῑίιὶυο
572 4018 656 4074 Dion.
678 4020 737 4071 857.
768 4048 799 4059 -
822 4020 985 4100 ‘Stephanus
998 4020 1063 4089 Byz.
1077 4036 1102 4073 v.
1118 4016 1242 4091 Τίρμερα.
1274 4048 1303 4059 -

224 4090 264 4141 13.
285 4088 332 4141 Sul
392 4107 417 4141 v.
431 4089 572 4158 ἀνανέμειν.
595 4119 623 4128 -
647 4090 687 4141 15.
708 4088 830 4143 Bekken
842 4089 946 4143 Anecd.
961 4106 989 4160 p.
1006 4090 1050 4141 111

220 4263 246 4314 2.
267 4259 398 4329 μιλύαςο
434 4263 445 4326 ΙΙ
486 4264 511 4314 3.
531 4260 654 4315 αύτέιονα
693 4263 705 4326 ΙΙ
746 4265 771 4313 1.
790 4262 820 4315 τό
838 4276 920 4314 σακε
961 4264 972 4325 ΙΙ
1014 4264 1038 4313 5.
1058 4258 1189 4331 ἀδηναίων
1203 4260 1261 4315 ΟΡε

169 4337 193 4383 ό.
213 4328 392 4393 ίΕελαδελςΡε
431 4332 442 4395 11
482 4330 593 4403 ἀδελφοῦ
606 4348 636 4400 qz
676 4335 687 4396 ΙΙ
728 4334 753 4382 ’1.
774 4330 904 4403 αίγέαςΙ,
944 4332 955 4395 ΙΙ
999 4331 1039 4382 11.
1060 4330 1221 4401 συμφέροντα
1236 4336 1260 4385 Α

172 4402 209 4451 12.
229 4399 359 4471 ὴρομένου
374 4400 397 4452 0
418 4402 429 4463 ΙΙ
457 4401 496 4451 13.
518 4400 744 4468 ἀνανεμεῐταιΑΒ
772 4403 783 4465 ΙΙ
817 4402 856 4451 14.
876 4416 904 4471 γε
918 4414 998 4453 υιυ.ε
1027 4402 1038 4463 ll
1070 4400 1110 4451 15.
1132 4399 1213 4463 ἀστὸς]
1228 4401 1303 4460 αύτύς

172 4471 195 4520 (1
224 4474 236 4535 ΙΙ
275 4471 313 4521 16.
333 4467 455 4521 αύτέωνα
490 4472 501 4533 ΙΙ
539 4472 581 4521 21.
602 4466 709 4532 Κνίδιοι,
724 4468 888 4523 ολΒελίτυττ
902 4465 1002 4523 Κνίδιοι
1043 4470 1054 4533 ΙΙ
1097 4470 1139 4521 23.
1161 4465 1302 4541 Βυβασσίης

172 4538 205 4590 la.
221 4538 349 4591 Vossius:
362 4537 496 4609 βυβλεσίης
520 4542 531 4602 u
554 4540 596 4590 25.
617 4539 696 4610 βορῆν
707 4538 822 4603 codices,
837 4538 942 4611 βυρήνιι
966 4540 977 4603 ΙΙ
994 4534 1173 4610 Κεραμικδςε
