3175 5092
263 351 344 399 mv
753 329 899 387 Praefatio.

260 509 357 580 idem
375 517 499 580 tamen
517 507 649 601 partim
666 507 912 604 perseveranti
935 531 1054 601 paene
1071 506 1210 602 ubique
1231 506 1397 578 codicum

261 633 468 708 velABvel
475 634 587 707 ABR
595 634 653 708 vel
666 634 831 731 plurium
844 635 955 707 etiarn
968 634 1176 708 testimonio
1188 635 1397 720 oboediens,

262 761 393 854 partim
409 761 524 857 ipsius
542 762 769 858 corruptelae
786 762 957 835 insistens
971 763 1141 858 vestigia,
1156 763 1197 834 in
1209 787 1399 857 compara-

260 889 359 962 tione
392 900 565 985 quattuor
588 890 850 965 adieetivorum
875 917 898 963 a
921 889 1064 986 vulgari
1091 891 1273 987 scriptura
1295 891 1398 963 haud
1579 922 1584 991 ν

261 1027 474 1092 cunctanter
505 1020 662 1092 discessi.
724 1044 813 1092 nam
845 1045 940 1114 quae
969 1022 1016 1093 de
1046 1018 1248 1106 anomalis,
1285 1043 1398 1114 quam

260 1147 397 1220 habere
414 1148 584 1221 videntur
601 1148 774 1245 κενότιρος
790 1157 830 1221 et
845 1149 1038 1245 στενότερος
1063 1147 1211 1244 (quibus
1228 1156 1315 1219 sunt
1332 1149 1397 1243 qui

262 1273 429 1374 Εενότερος
446 1275 621 1357 Εενότατος
639 1273 786 1372 addant)
805 1275 1079 1348 Choeroboscus
1095 1277 1180 1349 diet.
1199 1277 1241 1348 in
1253 1277 1394 1348 Theod.

260 1426 297 1495 p.
319 1405 392 1475 550
410 1413 533 1476 nanas
550 1429 573 1476 a
589 1405 809 1499 quibusdam
826 1401 992 1478 defensa:
1027 1410 1134 1476 ταῦτα
1160 1403 1224 1503 γὰρ
1252 1403 1398 1505 βραχείᾳ

260 1528 526 1629 παραληρόρενα
551 1530 617 1628 (οὐ)
635 1529 795 1630 τρέπουσι
826 1533 903 1602 ubo
924 1531 972 1612 εἰς
997 1537 1040 1606 εἰ).
1068 1535 1123 1604 καὶ
1149 1529 1396 1629 ἀπολογοῦνταί

260 1681 346 1737 τινες
371 1659 448 1756 περὶ
476 1658 602 1742 αὐτῶν,
640 1658 793 1754 λέγοντες
817 1658 868 1730 ὅτι
898 1659 1208 1758 ρακροπαρόληκτα
1242 1661 1328 1758 ἦσαν
1353 1654 1398 1727 τὰ

260 1787 463 1881 πρωτότοπα
481 1786 607 1857 αὐτῶν·
628 1787 754 1864 στεινὸς
770 1784 835 1883 γὰρ
853 1787 908 1857 καὶ
926 1787 1033 1866 κεινὸς
1050 1785 1106 1859 διὰ
1121 1794 1185 1886 τῆς
1203 1787 1236 1856 {a
1253 1783 1395 1880 διρθόγ-

260 1934 330 2007 pon,
361 1968 368 1983 .
391 1969 398 1984 .
419 1915 473 1985 xci
491 1910 646 2015 ἀποβολῇ
664 1916 724 1983 τοῦ
743 1907 761 1983 ἰ
786 1910 904 2008 γέγονε
926 1914 1020 1993 κενὸς
1046 1915 1102 1985 καὶ
1125 1913 1239 1992 στενὸς
1262 1909 1317 1982 διὰ
1334 1916 1396 1982 τοῦ

260 2039 278 2111 ἐ
295 2038 616 2140 βραχοπαράληκτα,
634 2039 688 2111 καὶ
702 2037 834 2132 ἔμειναν
852 2039 894 2111 τὰ
912 2037 1100 2138 συγκριτικὰ
1115 2041 1163 2118 ὥς
1178 2035 1245 2111 ἀπὸ
1265 2062 1396 2135 ρακρο-

258 2164 485 2264 παρσλήκτων
510 2167 740 2264 πρωτοτύπεον
767 2162 821 2237 διὰ
843 2170 902 2237 τοῦ
928 2167 947 2239 ὁ
972 2169 1168 2265 γραφόμενα
1193 2163 1251 2260 (cf.
1271 2165 1394 2261 Etym.

258 2295 312 2364 M.
333 2317 369 2387 p.
390 2295 475 2377 275,
498 2296 557 2366 50.
587 2293 745 2364 Cramer.
765 2294 907 2366 Aneod.
928 2297 1000 2366 Ox.
1021 2295 1094 2389 Ip.
1116 2293 1222 2389 279);
1250 2318 1296 2366 ea
1313 2293 1398 2387 ipsa

259 2443 334 2492 non
352 2422 473 2494 minus
490 2429 588 2494 recte
606 2420 829 2494 adhibentur
853 2423 900 2493 ad
924 2424 991 2493 has
1009 2446 1104 2516 quae
1125 2422 1199 2495 iam
1216 2445 1396 2495 emersere

259 2546 402 2620 formas.
448 2549 703 2648 ἐπιτηδεότερος
722 2557 759 2621 et
775 2545 1081 2646 ἐπιτηδεότατοςΑ
1104 2550 1186 2622 119.
1207 2551 1289 2622 115.
1309 2550 1394 2621 126.

260 2677 291 2748 Β
314 2676 397 2749 133.
421 2678 505 2749 172.
534 2674 561 2746 Γ
582 2677 640 2748 70.
669 2672 697 2746 Δ
718 2677 776 2749 72.
806 2674 832 2747 Ζ
856 2678 939 2748 192.
968 2673 1080 2748 Η25.
1111 2673 1218 2749 649.
1246 2674 1315 2749 12.
1331 2679 1394 2748 25.

260 2807 322 2892 27,
340 2805 548 2902 οἰκηιότατος
566 2801 593 2874 Γ
612 2806 672 2877 65.
698 2800 728 2875 Ε
748 2807 781 2876 5.
827 2805 921 2878 haec
936 2804 1050 2899 igitur
1066 2805 1240 2899 exempla
1255 2804 1398 2876 firmius

259 2933 474 3018 haeserunt,
500 2955 584 3004 cum
608 2929 759 3024 proclivi
784 2930 902 3003 abiret
924 2931 965 3003 in
988 2955 1220 3006 communem
1238 2931 1396 3026 speciem

259 3057 495 3158 ἀνδρηιότερος
513 3059 649 3154 ubique
668 3054 698 3130 A
719 3059 778 3131 79.
799 3057 828 3130 Δ
847 3059 907 3131 93.
927 3057 940 3132 l
962 3059 1022 3131 37.
1067 3062 1132 3132 sed
1151 3062 1279 3134 eadem
1297 3059 1397 3145 ratio

259 3187 357 3261 valet
373 3187 414 3258 in
431 3173 653 3260 contrarium
671 3195 725 3272 ut,
743 3211 829 3258 cum
853 3188 940 3285 ἱερός
960 3185 1071 3260 faeiat
1097 3189 1272 3286 ἱερώτερος
1297 3189 1396 3287 ἱερώ-

257 3340 356 3395 τατος
375 3297 539 3413 ἱερωσύνη
567 3313 613 3409 (v.
634 3315 755 3412 etym.
775 3315 830 3387 M.
858 3338 894 3409 p.
915 3316 1003 3402 275,
1022 3315 1102 3410 46),
1126 3314 1240 3410 longa
1261 3313 1396 3389 vocaus

257 3451 355 3516 recte
372 3441 521 3516 retineri
535 3442 701 3516 videatur
718 3441 758 3514 in
777 3439 950 3540 ἱρωτάτας,
967 3445 1064 3537 qnod
1081 3443 1122 3514 in
1134 3439 1249 3515 altero
1261 3467 1396 3538 genere

258 3571 425 3643 codicum
449 3569 583 3642 mansit
606 3569 639 3640 E
658 3571 725 3656 82,
751 3578 789 3643 et
813 3569 979 3668 ἱρωσύνη,
1006 3572 1105 3665 quod
1129 3570 1316 3666 integrum
1340 3579 1397 3643 est

258 3695 285 3768 Δ
307 3699 391 3772 161.
412 3695 438 3769 Ζ
458 3698 519 3783 56,
537 3697 577 3768 in
596 3698 761 3796 ἱερωσύνη
782 3698 1018 3792 degeneravit
1036 3695 1063 3769 Γ
1085 3698 1167 3770 142.

359 3827 406 3898 In
424 3823 673 3898 numeralibus
691 3823 787 3898 vices
806 3823 992 3897 alternant
1008 3824 1067 3896 δύο
1082 3824 1238 3921 (domm
1253 3825 1394 3922 dambe)

257 3979 299 4028 ac
325 3955 412 4026 δυῶν
440 3953 563 4036 δυοῖσι,
599 3950 748 4024 δυώδεκα
778 3977 820 4024 ac
845 3952 905 4024 δύο
930 3954 985 4024 καὶ
1008 3951 1090 4024 δέκα
1122 3977 1295 4059 φιαοααο
1321 3956 1397 4026 alia

257 4090 422 4158 recenset
443 4080 644 4156 Bredovius
670 4105 706 4175 p.
728 4081 802 4152 279
827 4104 881 4173 sq.
927 4103 1150 4175 quamquam
1174 4081 1215 4152 in
1240 4106 1395 4154 numero

257 4209 481 4284 duodenario
505 4211 713 4281 observasse
730 4207 823 4279 mihi
840 4205 964 4279 videor
987 4231 1114 4280 sensus
1138 4208 1394 4296 differentiam,

256 4319 368 4430 quem
393 4334 596 4411 enucleabo
620 4337 700 4421 ubi,
734 4337 832 4429 quod
856 4357 955 4405 nunc
983 4359 1052 4407 nec
1079 4333 1166 4406 licet
1190 4359 1259 4408 nec
1289 4337 1395 4424 libet,
1441 4397 1444 4404 .

256 4466 440 4539 excutiam
459 4463 657 4555 aliquando
675 4464 810 4534 horum
826 4461 1028 4533 studiorum
1045 4460 1230 4556 reliquias.
