3175 5092
599 391 600 394 ,
670 343 816 398 Praefatio.
1266 357 1314 402 xv

176 519 222 618 (d)
240 523 332 592 adeo
350 518 488 606 similis,
511 527 555 590 ut
572 517 632 592 vel
648 517 810 591 indidem
828 516 952 590 velex
969 539 1013 587 eo
1030 515 1110 608 ipso
1127 514 1310 587 derivatus

176 649 353 724 videatur.

282 795 339 865 14.
374 793 638 866 Riccardianus
664 795 727 879 25,
752 792 979 876 chartaceus,
1011 789 1051 858 in
1075 787 1153 873 fol,
1181 784 1317 859 saeculi

175 923 253 994 XV
272 920 331 994 vel
348 923 458 995 XVI.

382 1071 774 1148 Mediolanenses:

282 1223 341 1294 15.
375 1222 640 1294 Ambrosianus
664 1223 712 1293 A.
734 1220 808 1294 253
835 1217 922 1304 inf„
948 1222 1215 1304 membraneus,
1241 1215 1316 1289 for-

175 1375 257 1424 mae
275 1351 469 1436 maximae,
488 1349 624 1422 saeculi
641 1351 743 1420 XIII
760 1347 821 1422 vel
838 1350 947 1437 XIV,
973 1360 1029 1421 sat
1052 1357 1206 1421 venuste
1231 1347 1317 1417 scri-

177 1489 263 1573 ptus
288 1480 352 1551 sed
378 1479 543 1552 omnium
568 1477 842 1551 mendosissime
874 1502 943 1549 nec
968 1486 1141 1572 expertus
1165 1501 1316 1548 manum

177 1607 472 1680 emendatricem.
519 1616 603 1704 post
626 1607 859 1680 Herodotum
883 1608 997 1680 habet
1019 1604 1210 1678 Plutarchi
1234 1605 1316 1706 βίων

176 1734 409 1834 παραλλήλων
429 1759 496 1830 per
512 1738 588 1836 τρία
607 1734 723 1836 βιβλία
742 1736 1018 1808 distributorum
1037 1733 1164 1835 βιβλίον
1183 1739 1315 1833 πρῶτον

177 1864 254 1937 sive
272 1865 365 1938 vitas
383 1863 521 1935 XVIII
541 1887 563 1934 a
579 1863 723 1936 Theseo
741 1888 858 1958 usque
877 1864 924 1936 ad
942 1864 1167 1937 Ciceronem.
1199 1861 1282 1958 (Rs)

284 2011 343 2084 16.
376 2009 640 2082 Ambrosianus
657 2012 705 2082 A.
730 2009 800 2083 163
820 2010 923 2106 Sup.‚
941 2010 1165 2094 chartaceus,
1183 2007 1223 2080 in
1242 2031 1318 2100 qu,

178 2136 316 2210 saeculi
331 2137 430 2210 XIV
448 2136 507 2211 vel
523 2139 612 2209 XV.
659 2137 719 2234 (R)

285 2285 344 2358 17.
376 2283 640 2356 Ambrosianus
665 2285 695 2354 1.
717 2283 765 2356 23
784 2282 891 2377 Sup.‚
915 2283 1145 2367 chartaceus,
1172 2283 1212 2359 in
1232 2292 1318 2368 oct,

179 2409 315 2484 saeculi
332 2411 441 2482 XVI.
487 2411 685 2504 praemissa
708 2412 823 2484 habet
846 2412 925 2509 περὶ
949 2409 1123 2484 διαλέκτου
1148 2411 1241 2490 labo<
1263 2412 1318 2481 καὶ

180 2542 356 2638 προφορᾶς
386 2535 492 2638 αὐτῆς
518 2547 555 2610 et
581 2537 707 2618 λεξικὸν
735 2539 772 2611 ἐκ
801 2538 926 2637 μέρους
949 2535 1032 2609 κατὰ
1060 2540 1226 2636 στοιχεῖον
1250 2546 1318 2610 τῶν

179 2667 382 2764 ἠροδοτείων
412 2663 534 2744 λέξεων
562 2664 684 2761 (incip.
715 2663 839 2764 ἀνέλη,
874 2667 987 2739 desiu.
1018 2667 1135 2763 ψῶααν
1164 2665 1316 2737 θάλπου-

181 2793 268 2889 ααν).
315 2791 376 2886 (R)

287 2939 344 3010 18.
372 2940 638 3012 Ambrosianus
651 2941 695 3012 L.
715 2941 786 3012 115
801 2940 904 3033 Sup.‚
922 2933 1174 3034 bombycinus,
1188 2939 1317 3033 inqu,

180 3067 257 3139 XV
270 3065 416 3139 saeculi.
448 3067 530 3140 hiat
545 3068 631 3141 inde
650 3093 672 3140 a
689 3095 719 3140 c.
738 3071 784 3140 75
798 3067 888 3140 libri
901 3067 1003 3138 noni.
1037 3064 1110 3139 fuit
1120 3065 1208 3138 olim
1220 3065 1318 3137 inter

180 3193 293 3266 libros
310 3197 363 3266 Io.
385 3197 431 3268 V.
451 3194 609 3268 Pinellii.
657 3197 703 3292 (d)

289 3340 346 3412 19.
382 3341 645 3414 Ambrosianus
664 3341 705 3413 C.
727 3343 775 3413 82
794 3341 898 3434 Sup.‚
916 3340 1166 3436 bombycinus,
1196 3340 1237 3412 in
1255 3363 1315 3433 qu.

182 3467 221 3538 in
245 3469 321 3539 fine
345 3468 458 3540 habet
483 3473 619 3564 στίχους
644 3469 815 3567 ἡρωϊκαύς
840 3471 986 3541 eosdem
1015 3493 1106 3563 quos
1131 3467 1318 3540 Parisinus

182 3619 221 3690 q,
254 3594 359 3667 cuius
383 3619 449 3689 per
473 3573 744 3670 omniasimilis
771 3604 842 3682 est,
877 3596 1026 3670 deinde:
1059 3595 1125 3668 ἔτει
1148 3591 1320 3693 ,ςωλωλδω

184 3721 387 3803 tietmaro<
404 3723 456 3792 δης
470 3723 505 3819 (i.
516 3749 546 3796 e.
558 3749 656 3796 anno
669 3734 751 3818 post
767 3724 955 3798 Christum
965 3726 1087 3820 1426).
1109 3719 1184 3796 ‘Ex
1197 3722 1320 3797 insula

183 3849 279 3920 Chio
297 3851 468 3924 advectus
491 3854 599 3926 1666.
641 3853 729 3925 Fuit
745 3878 766 3926 e
783 3851 886 3925 libris
903 3851 1097 3926 Michaelis
1114 3852 1319 3946 Sophiani.’

183 3980 406 4050 antecedunt
421 3980 651 4053 Herodotum
669 3982 917 4076 Theophrasti
933 3988 1157 4081 χαρακτῆρες,
1186 3981 1318 4054 deinde

183 4104 308 4186 λεξικὸν
339 4107 543 4204 ἠραδατείων
577 4107 698 4187 λέξεων
736 4109 858 4206 (incip.
891 4107 1013 4207 ἀνέλη,
1051 4109 1164 4182 desin.
1201 4111 1318 4207 ψῶσαν

184 4231 402 4331 θάλπουσαν),
422 4245 606 4332 postremo
622 4235 703 4308 loco
721 4241 831 4334 στίχοι
849 4237 977 4337 ἰάμβων
992 4236 1066 4332 (sio)
1082 4237 1150 4347 29ι
1163 4261 1319 4331 quorum

185 4360 324 4453 primus
348 4371 404 4434 est
428 4362 554 4461 σαθρὸν
581 4361 642 4457 μὲν
668 4362 856 4462 εὐτύχημα,
882 4367 992 4461 κούρη
1011 4368 1205 4463 τερπνότης,
1231 4365 1319 4437 ulti-

185 4511 265 4558 mus
283 4491 405 4569 αώσεις
422 4487 544 4588 ἐφεξῆς
559 4491 664 4589 ἤνπερ
684 4489 784 4585 ἔσχες
801 4490 922 4563 εἰκόνα.
