3175 5092
660 360 805 415 Praelatio.
1061 423 1065 430 ,
1215 381 1305 426 mv

166 537 298 610 referre
323 561 400 610 non
426 539 542 633 magis
560 536 702 632 placuit
735 561 846 632 quam
871 537 1091 613 emendandi
1113 539 1308 610 conamina

164 669 330 739 omnium
348 668 485 761 pariter
502 666 627 738 omnia
649 691 884 762 expromere:
912 669 976 740 sed
1000 691 1049 740 ne
1073 691 1167 740 omis
1191 668 1306 742 critici

162 797 400 869 instrumenti
425 820 552 890 perse
583 794 777 868 molestum
809 795 907 867 ultra
937 799 1087 868 modum
1117 806 1304 884 cresceret,

161 949 236 998 non
254 927 454 998 memoravi
478 923 556 1002 fere
579 924 654 998 nisi
679 923 806 1020 aliqua
821 923 931 1001 laude
947 927 1070 1022 digna.
1116 927 1250 1021 inquo
1271 928 1304 999 si

162 1057 221 1128 cui
250 1051 347 1128 forte
376 1054 540 1128 severius
572 1051 690 1150 egisse
723 1055 866 1142 videar,
897 1079 973 1128 nou
1004 1057 1044 1130 in
1075 1077 1159 1129 mea
1184 1055 1303 1128 lenior

164 1207 274 1280 quam
299 1185 340 1256 in
365 1183 488 1256 aliena
510 1181 579 1258 fui.
639 1181 733 1257 illud
759 1207 847 1257 vero
878 1183 1076 1280 diligenter
1105 1185 1231 1259 curavi
1261 1194 1305 1258 ut

165 1315 307 1408 primus
325 1313 592 1388 emendationis
614 1313 790 1408 cuiusque
817 1324 944 1388 auctor
968 1324 1159 1394 constaret.
1205 1316 1305 1412 capi-

165 1453 243 1515 tum
270 1443 490 1516 divisionem
523 1441 670 1537 qualern
701 1443 843 1538 primus
867 1443 1030 1518 instituit
1055 1441 1304 1522 Gothofredus

25 1665 27 1680 Ι
163 1573 457 1668 Iungermannus
482 1573 692 1667 posterique
709 1573 954 1662 retinuerunt,
977 1597 1024 1649 nc
1050 1574 1130 1671 ipse
1156 1575 1305 1672 quidem

163 1702 304 1778 mutavi
321 1698 410 1790 fere,
435 1701 600 1802 quamv-is
624 1724 734 1798 saepe
751 1726 881 1798 parum
898 1711 1036 1801 aptam,
1062 1701 1146 1798 plus
1169 1703 1210 1778 in
1234 1705 1305 1778 hoc

162 1830 418 1906 consuetudini
443 1855 554 1926 quam
578 1831 714 1906 rationi
738 1831 915 1908 tribuens.
960 1841 1159 1930 apparatus
1187 1833 1303 1912 critici

162 1971 351 2058 tamquam
377 1959 617 2060 appendicem
642 1968 680 2034 et
703 1962 943 2037 necessariam
970 1970 1008 2038 et
1032 1985 1109 2037 uon
1131 1960 1303 2037 inutilem

162 2089 293 2186 collegi
324 2090 536 2164 testimonia
566 2091 785 2184 scriptorum
816 2098 855 2166 et
882 2091 1224 2190 grammaticorum,
1260 2100 1304 2167 ut

161 2219 265 2314 potui
301 2228 340 2292 et
375 2221 595 2313 suppetebat
628 2217 809 2292 librorum
850 2217 1025 2306 facultas,
1068 2219 1301 2316 plenissima:

162 2346 302 2422 exclusi
319 2356 444 2421 autem
461 2373 523 2420 eos
540 2347 650 2435 locos,
671 2350 768 2422 unde
786 2346 883 2421 nihil
900 2350 1052 2422 omnino
1069 2351 1304 2446 proficeretur

162 2481 207 2550 ad
232 2477 393 2574 speciem
416 2479 608 2551 verborum
635 2476 694 2552 vel
718 2479 1003 2552 confirmandam
1031 2477 1093 2552 vel
1121 2479 1303 2576 corrigen-

162 2609 263 2680 dam:
301 2631 370 2680 nec
388 2607 557 2680 descendi
581 2608 771 2703 usquead
787 2605 936 2681 ultimos
958 2609 1219 2704 pessimosque.
1263 2609 1304 2682 in

160 2738 297 2833 quibus
316 2737 465 2831 quidem
483 2761 559 2810 non
575 2737 663 2810 novi
688 2735 806 2809 ullum
832 2738 1136 2832 contempticrem
1157 2737 1302 2812 inanio-

159 2889 313 2960 remque
339 2889 449 2960 quam
468 2858 689 2960 Gregorlum
715 2861 824 2938 illum
845 2863 1093 2954 Corinthium,
1120 2869 1186 2962 qui
1210 2870 1301 2943 adeo

159 2997 257 3070 inter
275 3003 441 3068 auctores
459 2993 605 3067 dialecti
623 2995 751 3068 haberi
770 2993 873 3082 solet,
892 2996 1009 3085 cuius,
1034 2997 1101 3069 ubi
1120 2998 1166 3068 ad
1184 2995 1302 3078 Λὲξεις

160 3149 296 3200 venero
315 3126 485 3214 edendas,
503 3131 689 3222 repetetur
706 3124 845 3198 mentio
862 3126 963 3198 haud
981 3124 1191 3198 honorifica.
1231 3126 1303 3198 ibi-

161 3258 245 3330 dem
268 3255 382 3330 satius
401 3253 520 3329 visum
545 3263 600 3330 est
619 3277 837 3349 componere
862 3279 911 3328 ex
928 3254 1149 3365 testimoniis
1166 3253 1303 3328 lexico-

159 3385 384 3481 graphorum
409 3406 471 3472 ea,
498 3407 593 3478 quae
619 3407 666 3458 ex
691 3385 819 3456 eodem
837 3407 911 3478 quo
928 3381 1014 3455 illae
1030 3385 1170 3459 {luxere
1187 3382 1300 3460 fonte.

160 3513 261 3609 quod
283 3537 379 3598 eum,
407 3512 472 3607 qui
490 3513 611 3584 adhuc
628 3513 780 3586 Ioannis
799 3514 961 3588 zonarae
983 3514 1132 3588 nomina
1147 3514 1304 3586 circum·

160 3641 366 3729 ferebatur,
397 3663 473 3713 non
498 3640 663 3714 dubitavi
688 3641 807 3715 dicere
830 3641 1038 3715 Antonium
1060 3641 1300 3726 Monachum,

159 3771 254 3845 ratio
266 3771 579 3846 reddetureodem
589 3768 757 3845 illoloco,
784 3780 823 3845 et
842 3772 1106 3865 poteramnisi
1123 3799 1202 3846 saro
1222 3773 1302 3848 ani-

159 3900 447 3985 madvertissem,
457 3891 728 3998 ‘Etymologici’
742 3885 829 3973 sive‘
838 3900 969 3973 Lexici
977 3895 1299 3986 Vindobonensis’,

162 4030 260 4125 quod
282 4028 399 4101 edidit
422 4052 542 4124 nuper
566 4029 777 4103 Theodorus
795 4027 921 4125 Bergk
943 4029 1164 4126 iteravitque
1190 4053 1303 4125 opera

162 4157 342 4254 probabili
353 4160 546 4254 Augustus
557 4157 701 4247 Nauck,
721 4181 829 4231 suum
847 4168 885 4232 et
903 4167 1087 4233 auctorem
1100 4170 1138 4233 et
1152 4157 1303 4235 titulum

164 4287 361 4382 impertire.
425 4295 528 4360 extat
554 4287 652 4362 enim
677 4287 776 4362 idem
801 4286 915 4361 altero
939 4287 1110 4383 exemplo
1133 4289 1173 4362 in
1198 4291 1304 4363 Vati-

165 4441 265 4504 cana,
284 4419 330 4491 de
349 4441 422 4512 quo
441 4413 529 4489 olim
548 4415 674 4512 (1863)
701 4418 755 4490 ita
778 4417 818 4489 in
840 4442 949 4490 usum
966 4443 1090 4492 meum
1108 4419 1301 4491 adnotavi:

159 4531 293 4619 ‘Vatic
315 4547 382 4634 22,
408 4547 593 4644 bombyc,
620 4547 661 4619 in
680 4556 748 4619 oct.
802 4555 945 4642 praeter
969 4545 1043 4618 alia
1067 4546 1303 4645 grammatica
