3175 5092
293 361 396 406 [ων
785 343 933 397 Praefatio.

292 521 446 593 firmiter
463 520 503 590 in
521 519 743 592 membranis
762 530 958 607 servatum,
983 530 1027 591 ut
1044 517 1102 592 vel
1119 521 1227 592 iuxta
1243 519 1432 616 legantur:

294 648 320 721 Γ
336 649 384 722 33
403 653 520 720 νοῦσον
541 646 692 744 μεγάλην
710 647 896 731 νοσέοντος,
922 651 993 723 149
1008 650 1130 721 νούσου
1147 650 1171 746 ἦ
1191 674 1248 742 μιν
1266 647 1433 749 κατέλαβε

291 783 445 876 νοσῆσαι.
500 785 538 849 at
560 779 659 870 quod
684 777 813 850 eodem
838 801 984 871 prorsus
1008 779 1117 849 modo
1148 779 1196 849 ab
1220 780 1338 876 ἥσσων
1368 780 1433 852 de

289 905 452 980 flectitur
470 903 589 978 ἑσσοῦν
607 907 698 978 adeo
720 906 876 980 editores
900 909 989 980 inde
1013 931 1037 978 a
1052 904 1248 979 Schaeferc
1270 931 1431 978 commo-

291 1038 357 1123 vit,
380 1043 423 1108 ut
440 1035 591 1130 ubique,
616 1037 654 1107 h.
674 1059 706 1108 e.
726 1035 886 1130 amplius
909 1061 1021 1132 quam
1046 1037 1209 1121 triciens,
1235 1033 1346 1108 ίσσιυν
1372 1038 1431 1109 in-

292 1167 477 1242 veherent.
539 1163 717 1256 ὀνομιίζειν
743 1174 868 1238 autem
892 1165 1082 1260 ὀνομαστός
1105 1163 1266 1257 ὀνομαστί
1291 1165 1431 1260 priscus

293 1295 358 1368 ille
389 1303 566 1367 correctior
599 1295 632 1366 0
659 1291 787 1366 multis
822 1293 913 1367 locis
943 1296 991 1367 cd
1019 1293 1303 1368 similitudinem
1337 1295 1432 1384 eius,

293 1425 392 1496 unde
417 1424 734 1520 progenitarum,
767 1426 867 1519 quod
890 1421 1107 1517 estricourt,
1138 1424 1336 1511 revocavit,
1366 1428 1432 1521 qui

294 1556 392 1627 idern
414 1553 516 1651 οὖρος
538 1551 753 1647 plerumque
776 1553 927 1626 induxit
944 1577 1010 1647 pro
1034 1553 1125 1652 ίίρυς.
1170 1562 1301 1626 oontra
1315 1555 1432 1628 estin

294 1679 390 1781 Κόρη
418 1679 443 1752 Θ
463 1682 526 1768 65,
555 1682 650 1780 κόραι
673 1679 702 1752 Δ
722 1681 770 1754 33
789 1707 842 1778 sq.
887 1691 1001 1778 atque
1025 1682 1198 1781 rancidior,
1224 1679 1428 1783 Διόσκουροι.

292 1811 426 1884 similia
442 1835 567 1884 rursus
581 1821 669 1884 sunt
683 1836 722 1884 re
737 1835 813 1884 non
825 1809 1153 1910 consciscentem
1168 1835 1192 1882 ο
1203 1809 1427 1910 Συρήκουσαι,

291 1938 518 2034 κεκενωμένου
553 1937 580 2010 Δ
609 1939 679 2013 123
714 1963 736 2012 a
767 1943 874 2023 κεινίς
909 1940 994 2035 (nisi
1023 1941 1141 2014 maris
1173 1965 1196 2011 a
1226 1943 1355 2026 κενείς,
1388 1952 1431 2016 ut

290 2069 533 2162 νενοσσευμένα
550 2070 588 2142 Α
606 2070 677 2142 159
696 2095 719 2140 a
736 2069 896 2165 νεοσσός),
921 2068 1055 2166 ἑλιγροί
1070 2069 1104 2140 Β
1126 2070 1197 2143 148
1215 2072 1263 2142 ab
1281 2070 1427 2145 είλίσσυ.

393 2198 453 2270 Ex
472 2197 544 2270 alio
562 2199 723 2293 denique
740 2223 874 2295 genere
890 2208 991 2286 sunt,
1004 2223 1099 2294 quse
1111 2199 1154 2271 in
1166 2201 1430 2293 compositione
1461 2229 1481 2262 ο

291 2331 338 2404 ab
363 2327 518 2400 ionismo
542 2329 765 2416 desciscunt,
798 2338 842 2404 ut
865 2351 1058 2402 numerosa
1084 2327 1150 2400 ille
1178 2353 1201 2400 a
1223 2328 1312 2399 πυλυ
1337 2330 1430 2404 inci-

291 2458 434 2553 pientia
451 2466 488 2531 et
506 2458 688 2532 adiectiva
705 2467 743 2531 et
759 2458 919 2553 propria.
963 2457 1133 2556 πολιήτης
1155 2459 1221 2531 ubi
1244 2459 1429 2554 fingendis

292 2587 450 2660 ethnicis
491 2587 661 2674 inservit,
706 2590 753 2661 ad
790 2609 1022 2660 communem
1050 2585 1206 2660 formam
1238 2585 1429 2676 relabitur,

284 2703 523 2790 Ἡλιοπολῖται
538 2712 782 2789 Καλλιπολίται
796 2710 1061 2817 Ὀλβιοπολῖται.
1087 2719 1136 2789 ab
1150 2718 1220 2815 ίρίς
1231 2699 1330 2790 iacta
1342 2727 1430 2792 sunt

291 2847 452 2944 ἱρουργίαι
488 2843 670 2944 ίραράνῃ]ς
690 2850 877 2944 ,κατιροῦν,
914 2851 1041 2918 contra
1075 2847 1163 2944 ίερίς
1198 2856 1353 2940 apparet
1387 2848 1428 2920 in

290 2971 466 3072 ἀρχιερεύς
500 2971 704 3071 καλλιερέειν
735 2960 854 3072 ‘lipom
883 2967 1089 3071 Ἱερώνυμος
1123 2972 1181 3070 (cl.
1219 2976 1291 3048 od.
1327 2974 1345 3055 Ε
1379 2977 1428 3048 94

291 3091 436 3200 ίρεύουσ’
467 3101 617 3202 ίιρίριον).
665 3101 778 3175 simili
801 3103 910 3176 modo
934 3103 1032 3176 inter
1054 3127 1094 3176 se
1116 3104 1326 3199 discrepant
1345 3110 1430 3203 νηῦς

290 3234 365 3311 νεός
385 3271 430 3284 -
450 3234 632 3312 νεώσοικοι
648 3273 700 3284 --
715 3231 886 3330 ναύαρχος
901 3236 1069 3332 ναυσρχίτρ
1093 3241 1285 3328 ceteraque
1303 3236 1350 3306 ab
1367 3259 1428 3305 ναυ

290 3359 487 3446 ordienda,
512 3358 576 3431 αίεί
592 3401 644 3412 --
662 3357 795 3441 ἀείναος
819 3349 1055 3458 Ἀείμνηστος,
1089 3371 1146 3448 et,
1177 3385 1271 3456 quae
1296 3387 1429 3458 agmen

291 3487 479 3574 claudent,
506 3489 548 3586 ἤν
575 3498 613 3562 et
636 3487 737 3562 ἐπεάν
764 3489 845 3584 peri
868 3497 908 3562 et
930 3491 1137 3562 constantie
1159 3501 1198 3564 et
1222 3489 1430 3587 frequentia

291 3617 457 3712 (Bredov.
477 3642 514 3712 p.
535 3616 611 3714 38),
635 3619 770 3713 quibus
795 3619 1007 3715 adiungitur
1031 3621 1196 3708 tertium,
1219 3621 1337 3694 rarius
1354 3621 1428 3696 illis
1567 3684 1568 3701 ,

290 3747 451 3843 quidem,
470 3771 546 3859 non
564 3749 752 3834 incertius,
770 3747 905 3822 ἐπειδάν
922 3751 962 3823 Α
982 3749 1065 3822 193.
1086 3745 1113 3821 e
1135 3751 1219 3824 144.

704 4038 1013 4054 nm

395 4263 502 4344 Quae
527 4273 715 4358 practerea
738 4267 784 4340 de
809 4264 951 4338 ratione
976 4266 1152 4340 editionis
1179 4268 1349 4342 addenda
1373 4269 1430 4342 ri·
1567 4302 1568 4317 υ

290 4396 457 4480 deantur,
482 4417 600 4487 pauca
624 4403 720 4468 sunt.
768 4394 860 4487 quid
886 4419 1055 4489 quaeque
1087 4395 1160 4468 sibi
1184 4405 1267 4490 post
1287 4395 1430 4470 Aldum

288 4522 494 4596 editionum
512 4522 704 4618 proprium
719 4523 872 4608 habent,
891 4521 1018 4596 sedulo
1036 4524 1078 4597 in
1094 4525 1285 4598 notatione
1302 4526 1431 4600 critica
1567 4606 1568 4611 ,
