3175 5092
661 360 805 416 Praefatio.
878 433 889 448 .
1208 379 1305 424 xxvu

171 536 347 608 mediocri
365 536 456 608 baec
474 544 583 608 sunto
601 559 666 629 pro
684 534 876 630 exemplis.
929 532 962 608 B
980 537 1003 608 8
1021 534 1177 633 πέτρινον
1197 531 1309 628 τείνει]

173 663 365 762 ὑπερτείνει,
395 662 422 738 Γ
441 663 490 736 34
509 662 657 758 τελέσαι]
679 662 827 744 καλέσαι,
859 665 908 736 99
932 662 970 744 ἐς
992 663 1031 736 δὲ
1055 664 1173 733 τούτου
1198 659 1310 757 λόγον]

173 791 210 862 ἐκ
228 789 268 862 δὲ
285 793 404 864 τούτου
424 795 484 863 τοῦ
511 791 623 889 λόγου.
669 792 797 864 insunt
819 788 1008 886 praetcrea
1031 793 1073 864 iu
1096 792 1167 862 hoc
1188 789 1312 862 codice

173 918 317 1015 aliquot
349 919 543 994 varietates
573 929 656 1015 post
688 921 835 994 additae
864 945 978 992 manu
1002 919 1197 994 recentiori
1221 917 1310 1012 (0²),

174 1071 269 1142 quae
290 1045 366 1122 fere
392 1073 436 1122 eo
459 1048 659 1122 translatae
685 1059 773 1122 srmt
790 1076 814 1121 a
829 1051 879 1136 R,
896 1057 940 1124 ut
959 1048 1182 1144 λειποψυχίης
1198 1041 1229 1118 Α
1249 1048 1311 1132 86,

174 1175 288 1248 ἐδόκεε
307 1175 345 1248 δέ
363 1187 402 1250 et
419 1175 630 1270 ἑπταστόμου
648 1173 679 1248 Β
702 1178 759 1250 10.

275 1305 373 1376 Nam
398 1313 544 1399 practer
568 1315 808 1378 correctorem
832 1305 1009 1380 Gertitit
1034 1303 1127 1378 alter
1150 1304 1311 1400 quidam,

175 1459 283 1528 quem
298 1433 379 1506 dico
388 1434 437 1520 R,
452 1441 571 1508 aetate
590 1431 649 1506 illi
662 1434 768 1508 haud
785 1434 959 1521 multum,
978 1434 1129 1530 ingenio
1146 1443 1184 1506 et
1199 1435 1312 1506 auda-

174 1563 230 1634 cia
246 1561 359 1658 longe
376 1563 510 1656 dispar.
563 1563 668 1635 cuius
694 1564 904 1649 auctoritas,
927 1563 958 1634 si
983 1565 1091 1634 modo
1115 1563 1313 1636 auctoritas

173 1691 329 1763 dicenda
346 1699 402 1764 est
419 1715 514 1785 quae
533 1693 747 1764 credebatur
764 1691 957 1787 integritas
975 1715 1053 1765 esse
1078 1715 1121 1764 ac
1137 1700 1312 1777 vetustas,

174 1827 210 1892 et
228 1819 306 1892 illis
324 1819 480 1892 saeculis
499 1819 701 1913 plurimum
725 1829 763 1894 et
780 1820 852 1894 hac
869 1829 990 1894 aetate
1011 1821 1111 1913 apud
1132 1843 1194 1892 eos
1213 1820 1311 1913 ipsos

174 1946 293 2020 valuit
312 1949 446 2042 quibus
465 1955 633 2042 suspecta
650 1972 728 2024 esse
746 1949 945 2043 coepissem
972 1971 1194 2043 quamquam
1211 1947 1312 2020 haud

174 2101 293 2171 pauca
310 2078 346 2149 ei
363 2077 642 2171 imputabantur
655 2102 749 2173 quae
767 2079 848 2172 ipse
860 2101 936 2150 non
950 2077 1198 2152 commisisset.
1226 2101 1311 2149 nam

174 2207 218 2278 de
231 2206 357 2278 codice
370 2206 407 2278 R
421 2229 538 2300 eoque
551 2231 685 2302 genere
698 2203 884 2301 frequenti
898 2206 1077 2293 codicum,
1092 2207 1197 2278 cuius
1212 2231 1312 2278 nunc

174 2333 270 2408 illud
297 2333 512 2429 exemplum
537 2335 827 2408 vetustissimum
854 2343 965 2428 atque
983 2335 1166 2430 optimum
1184 2359 1313 2429 super-

174 2487 252 2538 esse
274 2463 421 2536 videtur
446 2487 514 2538 nec
537 2472 661 2536 tamen
680 2487 744 2558 per
764 2487 804 2536 se
821 2463 942 2557 ipsum
961 2472 1025 2536 aut
1043 2472 1229 2538 vetustum
1248 2472 1313 2537 aut

174 2593 431 2678 emendatum,
473 2616 568 2685 quae
605 2592 680 2664 iam
723 2595 928 2666 enarranda
961 2593 1082 2665 habeo
1114 2591 1235 2665 multa
1271 2617 1313 2665 ac

173 2721 287 2807 varia,
302 2720 525 2794 minuendae
541 2731 628 2794 sunt
646 2745 688 2794 ac
702 2745 820 2815 paone
833 2721 1068 2815 perimendae
1083 2744 1178 2815 quae
1192 2721 1312 2793 adhuc

174 2852 219 2922 de
244 2849 325 2922 citu
346 2850 570 2942 praestantia
585 2849 750 2922 obtinuit
767 2849 965 2944 opinionis.
1012 2851 1183 2943 quodque
1209 2858 1312 2922 ante-

174 2979 244 3050 hac
262 3001 347 3050 curn
365 2977 550 3072 plerisque
568 2979 739 3051 omnibus
756 2976 926 3051 laudator
942 2979 1022 3052 eius
1034 2975 1091 3050 fui
1104 2978 1312 3072 specieique

174 3107 348 3201 deceptus
366 3105 557 3179 blanditiis
579 3105 780 3200 permultas
798 3115 895 3178 ratas
913 3130 991 3180 esse
1008 3106 1110 3180 volui
1122 3105 1312 3194 lectiones,

175 3256 266 3328 quas
292 3257 392 3306 nunc
416 3259 501 3306 cum
526 3233 698 3328 plurimis
723 3234 807 3308 aliis
841 3238 887 3308 ab
912 3235 1115 3308 editoribus
1145 3235 1312 3308 certatim

175 3363 421 3457 comprobatis
439 3362 583 3457 expuli,
599 3364 784 3437 videretur
802 3387 891 3437 saue
909 3387 988 3438 esse
1006 3365 1105 3458 quod
1122 3365 1312 3438 embesce·

174 3515 269 3564 rem:
299 3491 372 3564 nisi
394 3489 647 3566 excusabilem
673 3493 871 3566 arbitrarer
895 3501 1017 3567 vetare
1042 3494 1214 3567 instituto
1233 3493 1312 3565 cul-

173 3643 259 3714 pam
291 3620 388 3701 eius,
431 3621 496 3714 qui
530 3631 569 3694 et
598 3620 779 3694 indicium
809 3621 907 3694 ultro
936 3624 1167 3717 profiteretur
1200 3631 1239 3696 et
1268 3647 1313 3696 ea

176 3748 323 3822 afferret
347 3748 386 3822 in
413 3749 592 3822 iudicium
609 3749 762 3843 primus,
788 3751 887 3824 unde
911 3749 1024 3845 plane
1049 3750 1248 3845 aliquando
1273 3760 1311 3822 et

176 3876 345 3974 cognosci
364 3899 473 3950 causa
489 3886 527 3952 et
544 3878 699 3951 iudicari
718 3887 851 3974 posset.

278 4005 405 4080 Habet
417 4015 540 4079 autem
553 4005 650 4078 illud
661 4029 777 4101 genus
790 4006 955 4081 codicum
971 4007 1042 4102 (Μ),
1060 4008 1189 4102 inquo
1207 4031 1311 4102 prae-

177 4143 231 4208 ter
242 4133 281 4206 R
291 4143 330 4208 et
343 4135 419 4209 brac
437 4143 525 4207 sunt
540 4134 672 4208 eteius
687 4159 798 4230 quem
812 4136 968 4208 dicimus
979 4134 1098 4228 dpars
1113 4137 1225 4230 prior,
1240 4136 1312 4210 hoc

177 4263 246 4336 sibi
262 4273 409 4358 praeter
423 4271 561 4336 ceteros
575 4263 764 4358 proprium
779 4272 817 4337 et
829 4271 1019 4358 tamquam
1033 4272 1158 4338 notam
1174 4265 1311 4360 stirpis,

179 4394 275 4486 quod
296 4389 436 4466 librum
460 4391 621 4486 primum
646 4393 801 4465 exhibet
830 4389 1072 4466 multifariam
1096 4392 1312 4466 mutilatum
1400 4425 1406 4438 ·

179 4519 234 4594 vel
247 4522 367 4596 dicam
381 4521 624 4608 decurtatum,
638 4545 713 4594 non
727 4518 869 4596 infelici
881 4520 1008 4616 aliquo
1022 4546 1119 4610 casu,
1135 4524 1200 4597 sed
1212 4531 1311 4595 certo
