3175 5092
529 1366 934 1464 PRAEFATIO.

268 1676 445 1750 Codicum
462 1677 757 1750 Herodoteorum
774 1677 925 1772 grandis
943 1677 1055 1748 etiam
1079 1701 1179 1749 nunc
1196 1689 1300 1753 extat

163 1829 350 1878 numerus.
396 1807 460 1879 sed
485 1805 550 1899 qui
573 1813 717 1899 praeter
739 1813 878 1878 ceteros
903 1804 1006 1900 digni
1029 1814 1067 1877 et
1087 1805 1210 1879 idonei
1228 1809 1299 1882 visi

164 1942 263 2020 sunt,
283 1957 438 2028 quorum
456 1935 654 2006 coniuncta
676 1933 853 2006 memoria
877 1957 944 2027 pro
963 1931 1204 2008 fundamento
1229 1938 1300 2008 cri-

163 2064 236 2134 tico
272 2070 478 2148 uteremur,
515 2085 594 2147 eos,
626 2070 823 2156 antequam
854 2063 899 2134 de
929 2062 1047 2156 ipsius
1076 2065 1299 2172 recensionis

165 2192 282 2263 causis
308 2215 350 2262 ac
374 2192 579 2265 rationibus
603 2189 823 2286 singillatim
844 2213 1043 2284 exponam,
1075 2196 1299 2266 enumerabo

164 2321 441 2415 accuratiusque
477 2321 697 2407 describam,
740 2317 901 2413 reliquos
941 2320 1044 2392 brevi
1086 2322 1300 2394 dimissurus

164 2448 360 2522 mentione.

271 2707 304 2776 1.
339 2704 377 2776 A
445 2703 680 2778 Florentinus
717 2705 794 2776 sive
828 2703 1019 2778 Mediceus
1054 2704 1300 2781 bibliothecae

164 2834 434 2907 Laurentianae
456 2832 575 2928 plutei
593 2833 709 2904 LXX
728 2834 870 2920 tertius,
895 2835 1163 2920 membraneus,
1185 2833 1302 2908 forma

165 2965 342 3058 quadrata
366 2961 517 3047 maiori,
548 2959 721 3033 foliorum
748 2961 834 3034 376.
888 2962 1044 3055 scriptus
1069 2969 1125 3035 est
1155 2957 1300 3036 saeculo

164 3092 278 3163 huius
296 3091 378 3164 aevi
396 3089 550 3174 decimo,
569 3090 706 3163 eximio
725 3091 881 3163 artificio
899 3116 941 3164 ac
959 3093 1097 3178 decore,
1118 3117 1141 3162 a
1158 3093 1301 3166 duabus

165 3221 347 3307 manibus,
374 3241 528 3313 quarum
547 3217 661 3290 altera
676 3219 850 3315 grandior
873 3218 1063 3314 aliquanto
1088 3229 1126 3292 et
1150 3223 1302 3294 crassior

165 3349 313 3422 tricenis
338 3346 492 3443 singulis
517 3345 594 3420 fere
618 3349 800 3434 versibus,
826 3346 941 3420 altera
961 3349 1049 3422 inde
1072 3374 1095 3420 a
1116 3346 1300 3424 f01i0239

164 3478 354 3572 excipiens
395 3476 505 3572 plane
547 3477 668 3552 nitida
709 3501 751 3549 ac
786 3477 966 3550 concinna
1000 3478 1151 3551 tricenis
1187 3480 1302 3552 ternis

164 3605 328 3702 singulas
347 3603 545 3701 complevit
567 3606 732 3702 paginas.
778 3609 826 3678 ab
848 3615 1002 3701 utraque
1027 3631 1136 3702 saepe
1161 3617 1199 3681 et
1221 3609 1304 3704 ipsa

163 3737 276 3810 verba
299 3733 402 3807 nullo
427 3735 635 3807 intermisso
659 3736 778 3831 spatio
796 3736 1012 3809 continuata
1028 3744 1066 3808 et
1083 3745 1302 3810 accentuum

164 3865 437 3960 spirituumque
463 3865 585 3958 apices
610 3863 779 3960 neglecti.
841 3866 906 3937 hic
937 3863 1015 3937 illic
1037 3863 1178 3938 librarii
1208 3891 1303 3962 quae

18 4031 19 4034 ยน
163 3993 352 4066 oculorum
369 3991 545 4064 calamive
564 4015 682 4065 errore
700 3993 966 4066 commisissent
985 3993 1060 4088 ipsi
1076 3991 1153 4066 fere
1171 3997 1303 4069 raden-

18 4193 19 4204 ,
163 4123 210 4193 do
240 4117 484 4192 oblitterando
515 4119 719 4215 supplendo
749 4129 996 4195 correxenrnt.
1062 4145 1137 4194 non
1168 4147 1302 4217 paucas

163 4257 352 4344 praeterea
368 4271 434 4343 per
452 4248 613 4343 primum
630 4251 790 4322 maxime
814 4249 951 4322 libmm
969 4248 1029 4321 vel
1046 4249 1186 4323 adlerit
1207 4277 1303 4324 mar-

163 4379 316 4474 ginibus
334 4375 393 4450 vel
416 4377 506 4470 ipsis
530 4379 752 4472 interposuit
770 4379 934 4451 versibus
958 4376 1104 4450 notulas
1129 4388 1209 4451 tum
1234 4382 1304 4453 cri-

163 4505 228 4580 tici
255 4512 335 4577 tum
361 4506 588 4600 grammatici
614 4507 757 4601 generis
779 4505 931 4578 inutiles
955 4505 1150 4601 plerasque
1167 4507 1304 4604 impor-
