3175 5092
650 363 794 422 Praelatio.
1181 387 1294 433 mm

156 541 230 612 fide
249 565 292 612 ae
310 565 489 614 oonsensn
507 537 549 637 (A
566 543 614 615 39
634 541 783 643 φοβὲεαι,
802 538 833 611 Η
850 543 898 632 50
912 541 1084 641 diespiter,
1104 544 1172 616 161
1191 541 1294 639 δέεαι)

158 679 195 741 et
210 669 295 764 ipsa
312 670 455 742 ratione
474 680 616 744 constet
637 695 706 742 uec
727 671 954 745 contraxisse
971 671 1203 746 Herodotum
1226 697 1296 745 nee

156 798 387 870 imminuisse
405 801 598 871 verborum
615 797 749 872 formas
768 801 810 872 in
827 824 899 872 σεοι
924 825 947 872 a
970 801 1088 894 primo
1105 810 1295 888 exeuntes,

158 928 219 998 hic
238 951 335 999 unus
354 929 491 1002 retinet
514 928 574 1002 vel
599 929 723 1023 potius
747 930 974 1023 redintegrat
995 930 1147 1023 plenam
1171 931 1297 1003 termi-

158 1057 347 1129 nationem
364 1059 405 1129 in
423 1059 637 1154 Archetypo
656 1057 772 1130 altera
788 1083 807 1129 e
821 1055 1039 1145 fraudatam,
1067 1055 1097 1129 A
1117 1059 1191 1132 206
1209 1083 1295 1156 προ-

157 1185 309 1276 θυμὲεαι,
336 1183 363 1257 Γ
381 1186 430 1258 34
449 1184 627 1269 saetosam,
655 1184 682 1257 Δ
702 1187 724 1258 9
742 1184 952 1283 sappetitur,
987 1186 1058 1260 163
1077 1183 1293 1271 ἀποθαλέεαι,

160 1309 189 1382 Η
216 1315 265 1384 47
296 1312 465 1411 διαιρὲεαι,
498 1316 545 1386 52
573 1312 723 1413 φοβὲεαι.
769 1337 953 1408 quamque
976 1315 1088 1388 ceteri
1111 1315 1152 1386 in
1173 1312 1297 1408 osope

159 1439 332 1534 θουμάζω
350 1439 546 1535 θαυμάσιος
570 1442 755 1514 interdum
781 1444 958 1515 omittunt
982 1441 1147 1517 vocalem
1173 1467 1206 1530 ο,
1235 1443 1299 1514 hie

159 1567 234 1641 fere
260 1578 327 1641 aut
347 1570 503 1641 retinuit
524 1579 589 1644 aut
612 1572 771 1644 reduxit.
821 1581 919 1644 reete
944 1596 1054 1666 porro
1080 1572 1179 1644 idem
1197 1566 1227 1640 A
1247 1571 1296 1643 63

160 1694 315 1791 ἕκαστος]
340 1694 498 1779 ἕκαστον,
528 1699 576 1771 90
594 1698 716 1795 τούτῳ]
734 1704 849 1779 τοῦτο,
883 1701 954 1772 108
973 1698 1124 1794 ἐπίποκα]
1149 1698 1295 1781 ἐπίτεκα,

160 1825 308 1920 aliaque
334 1825 425 1898 item
449 1829 547 1898 bona
569 1827 670 1899 haud
688 1852 774 1900 sane
792 1826 921 1900 multa.
969 1852 1038 1900 nec
1056 1830 1190 1900 desunt
1214 1851 1298 1922 pro-

159 1945 348 2048 perantius
367 1963 521 2041 mutata,
550 1965 593 2028 ut
616 1951 646 2028 A
667 1957 700 2026 8.
726 1956 797 2028 133
816 1953 1091 2054 σπουδαιέστερα]
1115 1956 1298 2028 σπουδοιό·

159 2108 249 2180 τερα,
280 2083 328 2155 32
347 2082 508 2156 πλουσίου
526 2085 582 2154 καὶ
600 2081 757 2182 ἀνόλβου]
774 2082 937 2154 πλουσίου
955 2086 1010 2154 καὶ
1029 2080 1197 2182 ἀνολβίου,
1224 2079 1256 2154 Β
1275 2085 1299 2155 6

159 2211 276 2307 ἡμέες,
292 2211 430 2284 ibidem
442 2209 510 2305 ἐόν]
522 2211 597 2282 ἐών.
627 2220 665 2282 at
678 2209 885 2283 laudandus
899 2236 987 2284 sane
1001 2221 1056 2284 est
1067 2211 1193 2306 aliqua
1203 2220 1300 2284 certe

161 2347 332 2432 exparte
358 2326 517 2434 quadiu
542 2338 788 2412 declinatione
811 2342 1006 2412 verborum
1030 2340 1072 2412 in
1097 2365 1149 2412 uo
1175 2350 1300 2413 aucto-

161 2468 307 2540 ritatem
330 2469 363 2539 0
379 2469 587 2541 comestoris
606 2468 669 2541 hic
686 2466 767 2540 illie
784 2493 851 2562 per
867 2466 1005 2540 librum
1023 2469 1196 2563 primum,
1221 2493 1301 2542 sae-

163 2596 247 2690 pius
272 2597 347 2668 iam
371 2621 438 2689 per
459 2604 601 2690 partem
625 2596 712 2669 libri
736 2597 901 2683 secundi,
928 2596 1040 2690 plane
1065 2606 1189 2670 autem
1214 2621 1301 2670 oon-

162 2732 302 2797 stanter
319 2725 406 2796 inde
422 2723 498 2798 fere
522 2749 543 2796 a
560 2721 592 2794 B
611 2726 659 2798 66
685 2723 958 2818 derelinquens,
982 2753 1012 2796 o
1037 2751 1084 2798 ex
1109 2749 1163 2796 aa
1180 2750 1222 2796 αο
1238 2750 1302 2796 σου

164 2853 361 2924 conflatam
379 2877 455 2925 non
472 2855 514 2925 in
533 2879 589 2936 eo,
613 2855 688 2939 sed,
711 2855 812 2947 quod
828 2863 868 2926 et
883 2855 979 2926 ratio
996 2856 1171 2948 poscebat
1187 2862 1227 2926 et
1243 2879 1302 2925 ce-

164 2983 233 3054 teri
248 2982 436 3068 addicunt,
454 2981 495 3052 in
508 3007 545 3052 aa
559 2980 736 3054 dissolvit.
779 3006 890 3075 quam
903 2982 999 3054 mibi
1010 2983 1191 3054 rationem
1203 2983 1302 3074 quod

164 3111 370 3203 significavi
393 3133 469 3183 non
495 3109 595 3184 omni
619 3133 666 3182 ax
684 3119 787 3203 parte
805 3110 963 3203 probari,
981 3107 1079 3182 infra
1095 3107 1300 3182 defendam.

167 3237 264 3310 illud
277 3263 325 3310 ne
338 3239 401 3310 hie
415 3239 563 3332 quidem
577 3241 898 3331 praetereundum,
913 3239 1013 3330 quod
1025 3239 1190 3322 verbum,
1204 3238 1303 3329 quod

166 3375 222 3437 est
245 3365 410 3464 χρᾶσθαι,
447 3366 550 3438 euius
577 3367 623 3437 de
648 3365 810 3438 flexione
833 3366 1046 3438 Herodotea
1075 3387 1150 3437 non
1181 3373 1305 3458 potest

167 3494 246 3566 ulla
270 3517 350 3566 esse
374 3493 556 3566 dubitatio
583 3495 674 3587 quin
701 3518 818 3565 unum
842 3519 863 3565 e
892 3502 947 3564 tot
970 3492 1154 3564 similibus
1180 3520 1209 3562 ω
1233 3492 1305 3564 eir-

168 3622 388 3694 eumfiexam
404 3621 540 3696 habeat
557 3623 743 3694 diductam
761 3623 803 3694 in
819 3647 879 3708 εω,
897 3621 939 3693 in
956 3622 1027 3692 hoo
1040 3630 1163 3693 tamen
1181 3621 1305 3693 codiee

169 3751 214 3820 ad
238 3759 443 3823 ceterorum
469 3749 676 3844 analogiam
702 3758 913 3822 revocatum
935 3747 1173 3843 praefertas:
1206 3751 1306 3843 quod

170 3881 214 3950 ab
232 3878 495 3972 interpolatore
514 3901 592 3952 esse
611 3879 697 3950 inde
714 3879 758 3950 fit
776 3879 1032 3964 certauimum,
1046 3878 1145 3972 quod
1162 3879 1195 3951 is
1208 3879 1306 3971 pari-

170 4015 223 4079 ter
247 4031 291 4078 ae
316 4008 429 4078 ueteri
453 4009 492 4077 in
517 4006 612 4078 libro
638 4008 757 4101 primo
779 4014 819 4078 et
840 4014 944 4099 parte
962 4005 1116 4078 secundi
1140 4002 1307 4102 χρέωνται

172 4136 322 4221 videns,
341 4139 492 4230 χρῶνται
509 4135 578 4221 bis,
598 4133 766 4234 ἐχρέωντο
784 4134 854 4220 bis,
875 4138 1069 4231 χροώμανος
1086 4131 1308 4204 duodeciens

171 4273 289 4350 tanet,
317 4263 417 4335 idem
442 4263 529 4334 iude
555 4287 577 4332 a
600 4260 632 4334 B
653 4266 699 4335 77
726 4269 870 4333 mutato
894 4269 1047 4353 repente
1072 4257 1227 4330 oonsilio
1252 4255 1308 4328 al-

171 4403 285 4466 teram
326 4390 561 4486 persequitur
614 4389 786 4462 flectendi
824 4388 1004 4459 rationem
1043 4410 1110 4479 per
1145 4385 1308 4478 reliquos

169 4521 283 4594 libros
310 4529 388 4590 tam
411 4519 665 4611 pertinaciter,
696 4525 739 4589 ut
762 4518 804 4588 in
828 4516 1047 4588 creberrima
1070 4514 1183 4585 huius
1206 4511 1310 4586 verbi
